@ARTICLE{2018Buder,
       author = {{Buder}, Sven and {Asplund}, Martin and {Duong}, Ly and {Kos}, Janez and
         {Lind}, Karin and {Ness}, Melissa K. and {Sharma}, Sanjib and {Bland
        -Hawthorn}, Joss and {Casey}, Andrew R. and {de Silva}, Gayandhi M. and
         {D'Orazi}, Valentina and {Freeman}, Ken C. and {Lewis}, Geraint F. and
         {Lin}, Jane and {Martell}, Sarah L. and {Schlesinger}, Katharine J. and
         {Simpson}, Jeffrey D. and {Zucker}, Daniel B. and
         {Zwitter}, Toma{\v{z}} and {Amarsi}, Anish M. and {Anguiano}, Borja and
         {Carollo}, Daniela and {Casagrande}, Luca and {{\v{C}}otar}, Klemen and
         {Cottrell}, Peter L. and {da Costa}, Gary and {Gao}, Xudong D. and
         {Hayden}, Michael R. and {Horner}, Jonathan and {Ireland}, Michael J. and
         {Kafle}, Prajwal R. and {Munari}, Ulisse and {Nataf}, David M. and
         {Nordlander}, Thomas and {Stello}, Dennis and {Ting}, Yuan-Sen and
         {Traven}, Gregor and {Watson}, Fred and {Wittenmyer}, Robert A. and
         {Wyse}, Rosemary F.~G. and {Yong}, David and {Zinn}, Joel C. and
         {{\v{Z}}erjal}, Maru{\v{s}}a and {Galah Collaboration}},
        title = "{The GALAH Survey: second data release}",
      journal = {\mnras},
     keywords = {Surveys, the Galaxy, methods: observational, methods: data analysis, stars: fundamental parameters, stars: abundances, Astrophysics - Solar and Stellar Astrophysics, Astrophysics - Astrophysics of Galaxies},
         year = 2018,
        month = aug,
       volume = {478},
       number = {4},
        pages = {4513-4552},
          doi = {10.1093/mnras/sty1281},
archivePrefix = {arXiv},
       eprint = {1804.06041},
 primaryClass = {astro-ph.SR},
       adsurl = {https://ui.adsabs.harvard.edu/abs/2018MNRAS.478.4513B},
      adsnote = {Provided by the SAO/NASA Astrophysics Data System}
}
@BOOK{1943Morgan,
   author = {{Morgan}, W.~W. and {Keenan}, P.~C. and {Kellman}, E.},
    title = "{An atlas of stellar spectra, with an outline of spectral classification}",
 keywords = {STARS: CLASSIFICATION, STARS: SPECTRA, STARS: CATALOGS},
publisher = {Chicago, Ill., The University of Chicago press [1943]},
     year = 1943,
   adsurl = {http://adsabs.harvard.edu/abs/1943assw.book.....M},
  adsnote = {Provided by the SAO/NASA Astrophysics Data System}
}

@ARTICLE{2018Kesseli,
   author = {{Kesseli}, A.~Y. and {Muirhead}, P.~S. and {Mann}, A.~W. and 
	{Mace}, G.},
    title = "{Magnetic Inflation and Stellar Mass. II. On the Radii of Single, Rapidly Rotating, Fully Convective M-Dwarf Stars}",
  journal = {\aj},
archivePrefix = "arXiv",
   eprint = {1804.04133},
 primaryClass = "astro-ph.SR",
 keywords = {stars: fundamental parameters, stars: low-mass, stars: magnetic field, stars: rotation, stars: statistics},
     year = 2018,
    month = jun,
   volume = 155,
      eid = {225},
    pages = {225},
      doi = {10.3847/1538-3881/aabccb},
   adsurl = {http://adsabs.harvard.edu/abs/2018AJ....155..225K},
  adsnote = {Provided by the SAO/NASA Astrophysics Data System}
}

@ARTICLE{1996Hawley,
   author = {{Hawley}, S.~L. and {Gizis}, J.~E. and {Reid}, I.~N.},
    title = "{The Palomar/MSU Nearby Star Spectroscopic Survey.II.The Southern M Dwarfs and Investigation of Magnetic Activity}",
  journal = {\aj},
 keywords = {SURVEYS, STARS: MAGNETIC FIELDS, STARS: PECULIAR, STARS: ACTIVITY},
     year = 1996,
    month = dec,
   volume = 112,
    pages = {2799},
      doi = {10.1086/118222},
   adsurl = {http://adsabs.harvard.edu/abs/1996AJ....112.2799H},
  adsnote = {Provided by the SAO/NASA Astrophysics Data System}
}

@BOOK{1979Luyten,
   author = {{Luyten}, W.~J.},
    title = "{LHS catalogue. A catalogue of stars with proper motions exceeding 0``5 annually}",
 keywords = {STAR CATALOGS},
booktitle = {Minneapolis: University of Minnesota, 1979, 2nd ed.},
     year = 1979,
   adsurl = {http://adsabs.harvard.edu/abs/1979lccs.book.....L},
  adsnote = {Provided by the SAO/NASA Astrophysics Data System}
}

@INPROCEEDINGS{2000Zacharias,
   author = {{Zacharias}, N. and {Rafferty}, T.~J. and {Zacharias}, M.~I.
	},
    title = "{The UCAC Astrometric Survey}",
booktitle = {Astronomical Data Analysis Software and Systems IX},
     year = 2000,
   series = {Astronomical Society of the Pacific Conference Series},
   volume = 216,
   editor = {{Manset}, N. and {Veillet}, C. and {Crabtree}, D.},
    pages = {427},
   adsurl = {http://adsabs.harvard.edu/abs/2000ASPC..216..427Z},
  adsnote = {Provided by the SAO/NASA Astrophysics Data System}
}

@INPROCEEDINGS{1996Chu,
   author = {{Chu}, Y.~Q. and {Cui}, X.~Q.},
    title = "{The LAMOST Project}",
booktitle = {Ground-Based Astronomy in Asia},
     year = 1996,
   editor = {{Kaifu}, N.},
    pages = {327},
   adsurl = {http://adsabs.harvard.edu/abs/1996gbaa.conf..327C},
  adsnote = {Provided by the SAO/NASA Astrophysics Data System}
}

@ARTICLE{1922Luyten,
   author = {{Luyten}, W.~J.},
    title = "{On the relation between parallax, proper motion, and apparent magnitude}",
  journal = {Lick Observatory Bulletin},
 keywords = {PARALLAX: STARS, STARS: PROPER MOTION, STARS: MAGNITUDES},
     year = 1922,
   volume = 10,
    pages = {135-140},
   adsurl = {http://adsabs.harvard.edu/abs/1922LicOB..10..135L},
  adsnote = {Provided by the SAO/NASA Astrophysics Data System}
}

@ARTICLE{2007Keller,
   author = {{Keller}, S.~C. and {Schmidt}, B.~P. and {Bessell}, M.~S. and 
  {Conroy}, P.~G. and {Francis}, P. and {Granlund}, A. and {Kowald}, E. and 
  {Oates}, A.~P. and {Martin-Jones}, T. and {Preston}, T. and 
  {Tisserand}, P. and {Vaccarella}, A. and {Waterson}, M.~F.},
    title = "{The SkyMapper Telescope and The Southern Sky Survey}",
  journal = {Publications of the Astronomical Society of Australia},
   eprint = {astro-ph/0702511},
 keywords = {telescopes, surveys, techniques: photometry,},
     year = 2007,
    month = may,
   volume = 24,
    pages = {1-12},
      doi = {10.1071/AS07001},
   adsurl = {http://adsabs.harvard.edu/abs/2007PASA...24....1K},
  adsnote = {Provided by the SAO/NASA Astrophysics Data System}
}

@INPROCEEDINGS{2011Hilton,
   author = {{Hilton}, E.~J. and {Hawley}, S.~L. and {Kowalski}, A.~F. and 
	{Holtzman}, J.},
    title = "{The Galactic M Dwarf Flare Rate}",
booktitle = {16th Cambridge Workshop on Cool Stars, Stellar Systems, and the Sun},
     year = 2011,
   series = {Astronomical Society of the Pacific Conference Series},
   volume = 448,
   editor = {{Johns-Krull}, C. and {Browning}, M.~K. and {West}, A.~A.},
    month = dec,
    pages = {197},
   adsurl = {http://adsabs.harvard.edu/abs/2011ASPC..448..197H},
  adsnote = {Provided by the SAO/NASA Astrophysics Data System}
}

@ARTICLE{1991Kirkpatrick,
   author = {{Kirkpatrick}, J.~D. and {Henry}, T.~J. and {McCarthy}, Jr., D.~W.
	},
    title = "{A standard stellar spectral sequence in the red/near-infrared - Classes K5 to M9}",
  journal = {\apjs},
 keywords = {K Stars, M Stars, Near Infrared Radiation, Stellar Spectra, Charge Coupled Devices, Dwarf Stars, Giant Stars, Stellar Luminosity, Stellar Spectrophotometry},
     year = 1991,
    month = nov,
   volume = 77,
    pages = {417-440},
      doi = {10.1086/191611},
   adsurl = {http://adsabs.harvard.edu/abs/1991ApJS...77..417K},
  adsnote = {Provided by the SAO/NASA Astrophysics Data System}
}

@ARTICLE{1938Morgan,
   author = {{Morgan}, W.~W.},
    title = "{On the Spectral Types and Luminosities of the M Dwarfs}",
  journal = {\apj},
     year = 1938,
    month = jun,
   volume = 87,
    pages = {589},
      doi = {10.1086/143954},
   adsurl = {http://adsabs.harvard.edu/abs/1938ApJ....87..589M},
  adsnote = {Provided by the SAO/NASA Astrophysics Data System}
}

@ARTICLE{1942Kuiper,
   author = {{Kuiper}, G.~P.},
    title = "{The Nearest Stars.}",
  journal = {\apj},
     year = 1942,
    month = jan,
   volume = 95,
    pages = {201},
      doi = {10.1086/144383},
   adsurl = {http://adsabs.harvard.edu/abs/1942ApJ....95..201K},
  adsnote = {Provided by the SAO/NASA Astrophysics Data System}
}

@ARTICLE{1947Joy,
   author = {{Joy}, A.~H.},
    title = "{Radial Velocities and Spectral Types of 181 Dwarf Stars.}",
  journal = {\apj},
     year = 1947,
    month = jan,
   volume = 105,
    pages = {96},
      doi = {10.1086/144886},
   adsurl = {http://adsabs.harvard.edu/abs/1947ApJ...105...96J},
  adsnote = {Provided by the SAO/NASA Astrophysics Data System}
}

@ARTICLE{2009Kowalski,
   author = {{Kowalski}, A.~F. and {Hawley}, S.~L. and {Hilton}, E.~J. and 
	{Becker}, A.~C. and {West}, A.~A. and {Bochanski}, J.~J. and 
	{Sesar}, B.},
    title = "{M Dwarfs in Sloan Digital Sky Survey Stripe 82: Photometric Light Curves and Flare Rate Analysis}",
  journal = {\aj},
archivePrefix = "arXiv",
   eprint = {0906.2030},
 primaryClass = "astro-ph.SR",
 keywords = {methods: data analysis, stars: activity, stars: flare, stars: late-type},
     year = 2009,
    month = aug,
   volume = 138,
    pages = {633-648},
      doi = {10.1088/0004-6256/138/2/633},
   adsurl = {http://adsabs.harvard.edu/abs/2009AJ....138..633K},
  adsnote = {Provided by the SAO/NASA Astrophysics Data System}
}

@ARTICLE{2007Khodachenko,
   author = {{Khodachenko}, M.~L. and {Ribas}, I. and {Lammer}, H. and {Grie{\ss}meier}, J.-M. and 
	{Leitner}, M. and {Selsis}, F. and {Eiroa}, C. and {Hanslmeier}, A. and 
	{Biernat}, H.~K. and {Farrugia}, C.~J. and {Rucker}, H.~O.},
    title = "{Coronal Mass Ejection (CME) Activity of Low Mass M Stars as An Important Factor for The Habitability of Terrestrial Exoplanets. I. CME Impact on Expected Magnetospheres of Earth-Like Exoplanets in Close-In Habitable Zones}",
  journal = {Astrobiology},
     year = 2007,
    month = feb,
   volume = 7,
    pages = {167-184},
      doi = {10.1089/ast.2006.0127},
   adsurl = {http://adsabs.harvard.edu/abs/2007AsBio...7..167K},
  adsnote = {Provided by the SAO/NASA Astrophysics Data System}
}

@ARTICLE{2013Rajpurohit,
   author = {{Rajpurohit}, A.~S. and {Reyl{\'e}}, C. and {Allard}, F. and 
	{Homeier}, D. and {Schultheis}, M. and {Bessell}, M.~S. and 
	{Robin}, A.~C.},
    title = "{The effective temperature scale of M dwarfs}",
  journal = {\aap},
archivePrefix = "arXiv",
   eprint = {1304.4072},
 primaryClass = "astro-ph.SR",
 keywords = {stars: atmospheres, stars: low-mass, stars: fundamental parameters},
     year = 2013,
    month = aug,
   volume = 556,
      eid = {A15},
    pages = {A15},
      doi = {10.1051/0004-6361/201321346},
   adsurl = {http://adsabs.harvard.edu/abs/2013A%26A...556A..15R},
  adsnote = {Provided by the SAO/NASA Astrophysics Data System}
}

@ARTICLE{2009Kaltenegger,
   author = {{Kaltenegger}, L. and {Traub}, W.~A.},
    title = "{Transits of Earth-like Planets}",
  journal = {\apj},
archivePrefix = "arXiv",
   eprint = {0903.3371},
 primaryClass = "astro-ph.IM",
 keywords = {astrobiology, Earth, planets and satellites: general, techniques: spectroscopic},
     year = 2009,
    month = jun,
   volume = 698,
    pages = {519-527},
      doi = {10.1088/0004-637X/698/1/519},
   adsurl = {http://adsabs.harvard.edu/abs/2009ApJ...698..519K},
  adsnote = {Provided by the SAO/NASA Astrophysics Data System}
}

@ARTICLE{2007Tarter,
   author = {{Tarter}, J.~C. and {Backus}, P.~R. and {Mancinelli}, R.~L. and 
	{Aurnou}, J.~M. and {Backman}, D.~E. and {Basri}, G.~S. and 
	{Boss}, A.~P. and {Clarke}, A. and {Deming}, D. and {Doyle}, L.~R. and 
	{Feigelson}, E.~D. and {Freund}, F. and {Grinspoon}, D.~H. and 
	{Haberle}, R.~M. and {Hauck}, II, S.~A. and {Heath}, M.~J. and 
	{Henry}, T.~J. and {Hollingsworth}, J.~L. and {Joshi}, M.~M. and 
	{Kilston}, S. and {Liu}, M.~C. and {Meikle}, E. and {Reid}, I.~N. and 
	{Rothschild}, L.~J. and {Scalo}, J. and {Segura}, A. and {Tang}, C.~M. and 
	{Tiedje}, J.~M. and {Turnbull}, M.~C. and {Walkowicz}, L.~M. and 
	{Weber}, A.~L. and {Young}, R.~E.},
    title = "{A Reappraisal of The Habitability of Planets around M Dwarf Stars}",
  journal = {Astrobiology},
   eprint = {astro-ph/0609799},
     year = 2007,
    month = mar,
   volume = 7,
    pages = {30-65},
      doi = {10.1089/ast.2006.0124},
   adsurl = {http://adsabs.harvard.edu/abs/2007AsBio...7...30T},
  adsnote = {Provided by the SAO/NASA Astrophysics Data System}
}

@ARTICLE{2013Yang,
   author = {{Yang}, J. and {Cowan}, N.~B. and {Abbot}, D.~S.},
    title = "{Stabilizing Cloud Feedback Dramatically Expands the Habitable Zone of Tidally Locked Planets}",
  journal = {\apjl},
archivePrefix = "arXiv",
   eprint = {1307.0515},
 primaryClass = "astro-ph.EP",
 keywords = {astrobiology, planets and satellites: atmospheres, stars: low-mass },
     year = 2013,
    month = jul,
   volume = 771,
      eid = {L45},
    pages = {L45},
      doi = {10.1088/2041-8205/771/2/L45},
   adsurl = {http://adsabs.harvard.edu/abs/2013ApJ...771L..45Y},
  adsnote = {Provided by the SAO/NASA Astrophysics Data System}
}

@ARTICLE{2007Selsis,
   author = {{Selsis}, F. and {Kasting}, J.~F. and {Levrard}, B. and {Paillet}, J. and 
	{Ribas}, I. and {Delfosse}, X.},
    title = "{Habitable planets around the star Gliese 581?}",
  journal = {\aap},
archivePrefix = "arXiv",
   eprint = {0710.5294},
 keywords = {astrobiology, atmospheric effects, stars: planetary systems},
     year = 2007,
    month = dec,
   volume = 476,
    pages = {1373-1387},
      doi = {10.1051/0004-6361:20078091},
   adsurl = {http://adsabs.harvard.edu/abs/2007A%26A...476.1373S},
  adsnote = {Provided by the SAO/NASA Astrophysics Data System}
}

@ARTICLE{2011Barnes,
   author = {{Barnes}, J.~R. and {Jeffers}, S.~V. and {Jones}, H.~R.~A.},
    title = "{The effect of M dwarf starspot activity on low-mass planet detection thresholds}",
  journal = {\mnras},
archivePrefix = "arXiv",
   eprint = {1011.1125},
 primaryClass = "astro-ph.SR",
 keywords = {techniques: radial velocities, stars: activity, stars: atmospheres, planetary systems, starspots},
     year = 2011,
    month = apr,
   volume = 412,
    pages = {1599-1610},
      doi = {10.1111/j.1365-2966.2010.17979.x},
   adsurl = {http://adsabs.harvard.edu/abs/2011MNRAS.412.1599B},
  adsnote = {Provided by the SAO/NASA Astrophysics Data System}
}

@ARTICLE{2015Anderson,
   author = {{Andersen}, J.~M. and {Korhonen}, H.},
    title = "{Stellar activity as noise in exoplanet detection II. Application to M dwarfs}",
  journal = {ArXiv e-prints},
archivePrefix = "arXiv",
   eprint = {1501.01302},
 primaryClass = "astro-ph.SR",
 keywords = {Astrophysics - Solar and Stellar Astrophysics, Astrophysics - Earth and Planetary Astrophysics},
     year = 2015,
    month = jan,
   adsurl = {http://adsabs.harvard.edu/abs/2015arXiv150101302A},
  adsnote = {Provided by the SAO/NASA Astrophysics Data System}
}

@article{2012Schmidt,
  author={Sarah J. Schmidt and Adam F. Kowalski and Suzanne L. Hawley and Eric J. Hilton and John P. Wisniewski and Benjamin M.
Tofflemire},
  title={Probing the Flare Atmospheres of M Dwarfs Using Infrared Emission Lines},
  journal={The Astrophysical Journal},
  volume={745},
  number={1},
  pages={14},
  url={http://stacks.iop.org/0004-637X/745/i=1/a=14},
  year={2012},
}

@ARTICLE{2011Lepine,
   author = {{L{\'e}pine}, S. and {Gaidos}, E.},
    title = "{An All-sky Catalog of Bright M Dwarfs}",
  journal = {\aj},
archivePrefix = "arXiv",
   eprint = {1108.2719},
 primaryClass = "astro-ph.SR",
 keywords = {catalogs, proper motions, solar neighborhood, stars: kinematics and dynamics, stars: low-mass, surveys},
     year = 2011,
    month = oct,
   volume = 142,
      eid = {138},
    pages = {138},
      doi = {10.1088/0004-6256/142/4/138},
   adsurl = {http://adsabs.harvard.edu/abs/2011AJ....142..138L},
  adsnote = {Provided by the SAO/NASA Astrophysics Data System}
}

@ARTICLE{2007Lammer,
   author = {{Lammer}, H. and {Lichtenegger}, H.~I.~M. and {Kulikov}, Y.~N. and 
  {Grie{\ss}meier}, J.-M. and {Terada}, N. and {Erkaev}, N.~V. and 
  {Biernat}, H.~K. and {Khodachenko}, M.~L. and {Ribas}, I. and 
  {Penz}, T. and {Selsis}, F.},
    title = "{Coronal Mass Ejection (CME) Activity of Low Mass M Stars as An Important Factor for The Habitability of Terrestrial Exoplanets. II. CME-Induced Ion Pick Up of Earth-like Exoplanets in Close-In Habitable Zones}",
  journal = {Astrobiology},
     year = 2007,
    month = feb,
   volume = 7,
    pages = {185-207},
      doi = {10.1089/ast.2006.0128},
   adsurl = {http://adsabs.harvard.edu/abs/2007AsBio...7..185L},
  adsnote = {Provided by the SAO/NASA Astrophysics Data System}
}

@ARTICLE{1995Neff,
       author = {{Neff}, James E. and {O'Neal}, Douglas and {Saar}, Steven H.},
        title = "{Absolute Measurements of Starspot Area and Temperature: II Pegasi in 1989 October}",
      journal = {\apj},
     keywords = {STARS: ACTIVITY, STARS: INDIVIDUAL CONSTELLATION NAME: II PEGASI, STARS: LATE-TYPE, TECHNIQUES: SPECTROSCOPIC},
         year = 1995,
        month = oct,
       volume = {452},
        pages = {879},
          doi = {10.1086/176356},
       adsurl = {https://ui.adsabs.harvard.edu/abs/1995ApJ...452..879N},
      adsnote = {Provided by the SAO/NASA Astrophysics Data System}
}

@ARTICLE{2004Oneal,
       author = {{O'Neal}, Douglas and {Neff}, James E. and {Saar}, Steven H. and {Cuntz}, Manfred},
        title = "{Further Results of TiO-Band Observations of Starspots}",
      journal = {\aj},
     keywords = {Stars: Activity, Stars: Atmospheres, Stars: Spots, Techniques: Spectroscopic},
         year = 2004,
        month = oct,
       volume = {128},
       number = {4},
        pages = {1802-1811},
          doi = {10.1086/423438},
       adsurl = {https://ui.adsabs.harvard.edu/abs/2004AJ....128.1802O},
      adsnote = {Provided by the SAO/NASA Astrophysics Data System}
}


@ARTICLE{1995Mayor,
   author = {{Mayor}, M. and {Queloz}, D.},
    title = "{A Jupiter-mass companion to a solar-type star}",
  journal = {\nat},
     year = 1995,
    month = nov,
   volume = 378,
    pages = {355-359},
      doi = {10.1038/378355a0},
   adsurl = {http://adsabs.harvard.edu/abs/1995Natur.378..355M},
  adsnote = {Provided by the SAO/NASA Astrophysics Data System}
}

@BOOK{2013Armitage,
   author = {{Armitage}, P.~J.},
    title = "{Astrophysics of Planet Formation}",
booktitle = {Astrophysics of Planet Formation, by Philip J.~Armitage, Cambridge, UK: Cambridge University Press, 2013},
     year = 2013,
    month = oct,
   adsurl = {http://adsabs.harvard.edu/abs/2013apf..book.....A},
  adsnote = {Provided by the SAO/NASA Astrophysics Data System}
}

@ARTICLE{2009Jenkins,
   author = {{Jenkins}, J.~S. and {Ramsey}, L.~W. and {Jones}, H.~R.~A. and 
  {Pavlenko}, Y. and {Gallardo}, J. and {Barnes}, J.~R. and {Pinfield}, D.~J.
  },
    title = "{Rotational Velocities for M Dwarfs}",
  journal = {\apj},
archivePrefix = "arXiv",
   eprint = {0908.4092},
 primaryClass = "astro-ph.SR",
 keywords = {planetary systems, stars: fundamental parameters, stars: low-mass, brown dwarfs, stars: rotation},
     year = 2009,
    month = oct,
   volume = 704,
    pages = {975-988},
      doi = {10.1088/0004-637X/704/2/975},
   adsurl = {http://adsabs.harvard.edu/abs/2009ApJ...704..975J},
  adsnote = {Provided by the SAO/NASA Astrophysics Data System}
}

@ARTICLE{1993Kasting,
   author = {{Kasting}, J.~F. and {Whitmire}, D.~P. and {Reynolds}, R.~T.
  },
    title = "{Habitable Zones around Main Sequence Stars}",
  journal = {\icarus},
     year = 1993,
    month = jan,
   volume = 101,
    pages = {108-128},
      doi = {10.1006/icar.1993.1010},
   adsurl = {http://adsabs.harvard.edu/abs/1993Icar..101..108K},
  adsnote = {Provided by the SAO/NASA Astrophysics Data System}
}

@ARTICLE{2000Chabrier,
   author = {{Chabrier}, G. and {Baraffe}, I.},
    title = "{Theory of Low-Mass Stars and Substellar Objects}",
  journal = {\araa},
   eprint = {astro-ph/0006383},
 keywords = {STARS: FUNDAMENTAL PARAMETERS, STARS: LOW MASS, BROWN DWARFS, STARS: CATACLYSMIC VARIABLES, STARS: LUMINOSITY FUNCTION, MASS FUNCTION, STARS: PLANETARY SYSTEMS, GALAXY: STELLAR CONTENT},
     year = 2000,
   volume = 38,
    pages = {337-377},
      doi = {10.1146/annurev.astro.38.1.337},
   adsurl = {http://adsabs.harvard.edu/abs/2000ARA\%26A..38..337C},
  adsnote = {Provided by the SAO/NASA Astrophysics Data System}
}

@BOOK{2011Perryman,
   author = {{Perryman}, M.},
    title = "{The Exoplanet Handbook}",
booktitle = {The Exoplanet Handbook by Michael Perryman, Cambridge University Press; 1 edition, 424 p., ISBN: 0521765595},
     year = 2011,
    month = may,
   adsurl = {http://adsabs.harvard.edu/abs/2011exha.book.....P},
  adsnote = {Provided by the SAO/NASA Astrophysics Data System}
}

@ARTICLE{2006Basri,
   author = {{Basri}, G. and {Brown}, M.~E.},
    title = "{Planetesimals to Brown Dwarfs: What is a Planet?}",
  journal = {Annual Review of Earth and Planetary Sciences},
   eprint = {astro-ph/0608417},
     year = 2006,
    month = may,
   volume = 34,
    pages = {193-216},
      doi = {10.1146/annurev.earth.34.031405.125058},
   adsurl = {http://adsabs.harvard.edu/abs/2006AREPS..34..193B},
  adsnote = {Provided by the SAO/NASA Astrophysics Data System}
}

@ARTICLE{2005Sato,
   author = {{Sato}, B. and {Fischer}, D.~A. and {Henry}, G.~W. and {Laughlin}, G. and 
  {Butler}, R.~P. and {Marcy}, G.~W. and {Vogt}, S.~S. and {Bodenheimer}, P. and 
  {Ida}, S. and {Toyota}, E. and {Wolf}, A. and {Valenti}, J.~A. and 
  {Boyd}, L.~J. and {Johnson}, J.~A. and {Wright}, J.~T. and {Ammons}, M. and 
  {Robinson}, S. and {Strader}, J. and {McCarthy}, C. and {Tah}, K.~L. and 
  {Minniti}, D.},
    title = "{The N2K Consortium. II. A Transiting Hot Saturn around HD 149026 with a Large Dense Core}",
  journal = {\apj},
   eprint = {astro-ph/0507009},
 keywords = {Stars: Planetary Systems, stars: individual (HD 149026)},
     year = 2005,
    month = nov,
   volume = 633,
    pages = {465-473},
      doi = {10.1086/449306},
   adsurl = {http://adsabs.harvard.edu/abs/2005ApJ...633..465S},
  adsnote = {Provided by the SAO/NASA Astrophysics Data System}
}

@ARTICLE{2015Barnes,
   author = {{Barnes}, R.},
    title = "{A method to identify the boundary between rocky and gaseous exoplanets from tidal theory and transit durations}",
  journal = {International Journal of Astrobiology},
archivePrefix = "arXiv",
   eprint = {1312.3327},
 primaryClass = "astro-ph.EP",
 keywords = {Exoplanets, Tidal Theory, Transits,},
     year = 2015,
    month = apr,
   volume = 14,
    pages = {321-333},
      doi = {10.1017/S1473550413000499},
   adsurl = {http://adsabs.harvard.edu/abs/2015IJAsB..14..321B},
  adsnote = {Provided by the SAO/NASA Astrophysics Data System}
}

@INPROCEEDINGS{2014Buchhave,
   author = {{Buchhave}, L.~A. and {Bizzarro}, M. and {Latham}, D.~W. and 
  {Sasselov}, D.~D.},
    title = "{Three Distinct Exoplanet Regimes Inferred From Host Star Metallicities}",
booktitle = {American Astronomical Society Meeting Abstracts \#224},
     year = 2014,
   series = {American Astronomical Society Meeting Abstracts},
   volume = 224,
    month = jun,
    pages = {102.05},
   adsurl = {http://adsabs.harvard.edu/abs/2014AAS...22410205B},
  adsnote = {Provided by the SAO/NASA Astrophysics Data System}
}

@ARTICLE{2008Jackson,
   author = {{Jackson}, B. and {Barnes}, R. and {Greenberg}, R.},
    title = "{Tidal heating of terrestrial extrasolar planets and implications for their habitability}",
  journal = {\mnras},
archivePrefix = "arXiv",
   eprint = {0808.2770},
 keywords = {astrobiology , celestial mechanics , planetary systems},
     year = 2008,
    month = nov,
   volume = 391,
    pages = {237-245},
      doi = {10.1111/j.1365-2966.2008.13868.x},
   adsurl = {http://adsabs.harvard.edu/abs/2008MNRAS.391..237J},
  adsnote = {Provided by the SAO/NASA Astrophysics Data System}
}

@ARTICLE{2013Kopparapu,
   author = {{Kopparapu}, R.~K. and {Ramirez}, R. and {Kasting}, J.~F. and 
  {Eymet}, V. and {Robinson}, T.~D. and {Mahadevan}, S. and {Terrien}, R.~C. and 
  {Domagal-Goldman}, S. and {Meadows}, V. and {Deshpande}, R.},
    title = "{Habitable Zones around Main-sequence Stars: New Estimates}",
  journal = {\apj},
archivePrefix = "arXiv",
   eprint = {1301.6674},
 primaryClass = "astro-ph.EP",
 keywords = {planetary systems },
     year = 2013,
    month = mar,
   volume = 765,
      eid = {131},
    pages = {131},
      doi = {10.1088/0004-637X/765/2/131},
   adsurl = {http://adsabs.harvard.edu/abs/2013ApJ...765..131K},
  adsnote = {Provided by the SAO/NASA Astrophysics Data System}
}

@INPROCEEDINGS{1977Peale,
   author = {{Peale}, S.~J.},
    title = "{Rotation histories of the natural satellites}",
 keywords = {Librational Motion, Natural Satellites, Nutation, Rotary Stability, Satellite Rotation, Spin Resonance, Axes Of Rotation, Capture Effect, Celestial Mechanics, Probability Theory, Spin Dynamics},
booktitle = {IAU Colloq. 28: Planetary Satellites},
     year = 1977,
   editor = {{Burns}, J.~A.},
    pages = {87-111},
   adsurl = {http://adsabs.harvard.edu/abs/1977plsa.conf...87P},
  adsnote = {Provided by the SAO/NASA Astrophysics Data System}
}

@ARTICLE{2008Jackson2,
   author = {{Jackson}, B. and {Greenberg}, R. and {Barnes}, R.},
    title = "{Tidal Evolution of Close-in Extrasolar Planets}",
  journal = {\apj},
archivePrefix = "arXiv",
   eprint = {0802.1543},
 keywords = {Celestial Mechanics, Stars: Planetary Systems: Formation, Stars: Planetary Systems: Protoplanetary Disks},
     year = 2008,
    month = may,
   volume = 678,
    pages = {1396-1406},
      doi = {10.1086/529187},
   adsurl = {http://adsabs.harvard.edu/abs/2008ApJ...678.1396J},
  adsnote = {Provided by the SAO/NASA Astrophysics Data System}
}

@ARTICLE{1966Goldreich,
   author = {{Goldreich}, P. and {Soter}, S.},
    title = "{Q in the Solar System}",
  journal = {\icarus},
     year = 1966,
   volume = 5,
    pages = {375-389},
      doi = {10.1016/0019-1035(66)90051-0},
   adsurl = {http://adsabs.harvard.edu/abs/1966Icar....5..375G},
  adsnote = {Provided by the SAO/NASA Astrophysics Data System}
}

@ARTICLE{1996Ray,
   author = {{Ray}, R.~D. and {Eanes}, R.~J. and {Chao}, B.~F.},
    title = "{Detection of tidal dissipation in the solid Earth by satellite tracking and altimetry}",
  journal = {\nat},
     year = 1996,
    month = jun,
   volume = 381,
    pages = {595-597},
      doi = {10.1038/381595a0},
   adsurl = {http://adsabs.harvard.edu/abs/1996Natur.381..595R},
  adsnote = {Provided by the SAO/NASA Astrophysics Data System}
}

@ARTICLE{2011Dumusque,
   author = {{Dumusque}, X. and {Santos}, N.~C. and {Udry}, S. and {Lovis}, C. and 
  {Bonfils}, X.},
    title = "{Planetary detection limits taking into account stellar noise. II. Effect of stellar spot groups on radial-velocities}",
  journal = {\aap},
archivePrefix = "arXiv",
   eprint = {1101.0954},
 primaryClass = "astro-ph.EP",
 keywords = {stars: individual:{$\alpha$}Cen B, planetary systems, stars: activity, Sun: activity, sunspots, techniques: radial velocities},
     year = 2011,
    month = mar,
   volume = 527,
      eid = {A82},
    pages = {A82},
      doi = {10.1051/0004-6361/201015877},
   adsurl = {http://adsabs.harvard.edu/abs/2011A%26A...527A..82D},
  adsnote = {Provided by the SAO/NASA Astrophysics Data System}
}

@ARTICLE{2010Wright,
   author = {{Wright}, E.~L. and {Eisenhardt}, P.~R.~M. and {Mainzer}, A.~K. and 
  {Ressler}, M.~E. and {Cutri}, R.~M. and {Jarrett}, T. and {Kirkpatrick}, J.~D. and 
  {Padgett}, D. and {McMillan}, R.~S. and {Skrutskie}, M. and 
  {Stanford}, S.~A. and {Cohen}, M. and {Walker}, R.~G. and {Mather}, J.~C. and 
  {Leisawitz}, D. and {Gautier}, III, T.~N. and {McLean}, I. and 
  {Benford}, D. and {Lonsdale}, C.~J. and {Blain}, A. and {Mendez}, B. and 
  {Irace}, W.~R. and {Duval}, V. and {Liu}, F. and {Royer}, D. and 
  {Heinrichsen}, I. and {Howard}, J. and {Shannon}, M. and {Kendall}, M. and 
  {Walsh}, A.~L. and {Larsen}, M. and {Cardon}, J.~G. and {Schick}, S. and 
  {Schwalm}, M. and {Abid}, M. and {Fabinsky}, B. and {Naes}, L. and 
  {Tsai}, C.-W.},
    title = "{The Wide-field Infrared Survey Explorer (WISE): Mission Description and Initial On-orbit Performance}",
  journal = {\aj},
archivePrefix = "arXiv",
   eprint = {1008.0031},
 primaryClass = "astro-ph.IM",
 keywords = {infrared: general, space vehicles, surveys},
     year = 2010,
    month = dec,
   volume = 140,
      eid = {1868},
    pages = {1868-1881},
      doi = {10.1088/0004-6256/140/6/1868},
   adsurl = {http://adsabs.harvard.edu/abs/2010AJ....140.1868W},
  adsnote = {Provided by the SAO/NASA Astrophysics Data System}
}

@ARTICLE{2005Wright,
   author = {{Wright}, J.~T.},
    title = "{Radial Velocity Jitter in Stars from the California and Carnegie Planet Search at Keck Observatory}",
  journal = {\pasp},
   eprint = {astro-ph/0505214},
 keywords = {Stars: Activity, Techniques: Radial Velocities},
     year = 2005,
    month = jul,
   volume = 117,
    pages = {657-664},
      doi = {10.1086/430369},
   adsurl = {http://adsabs.harvard.edu/abs/2005PASP..117..657W},
  adsnote = {Provided by the SAO/NASA Astrophysics Data System}
}

@ARTICLE{1997Saar,
   author = {{Saar}, S.~H. and {Donahue}, R.~A.},
    title = "{Activity-Related Radial Velocity Variation in Cool Stars}",
  journal = {\apj},
 keywords = {Convection, Stars: Planetary Systems, Stars: Activity, Stars: Late-Type, Techniques: Radial Velocities},
     year = 1997,
    month = aug,
   volume = 485,
    pages = {319-327},
   adsurl = {http://adsabs.harvard.edu/abs/1997ApJ...485..319S},
  adsnote = {Provided by the SAO/NASA Astrophysics Data System}
}

@ARTICLE{2009Strassmeier,
   author = {{Strassmeier}, K.~G.},
    title = "{Starspots}",
  journal = {\aapr},
 keywords = {Starspots, Stars: activity, Stars: imaging, Sunspots, Magnetic fields, Techniques: polarimetric, Stars: rotation, Exoplanets},
     year = 2009,
    month = sep,
   volume = 17,
    pages = {251-308},
      doi = {10.1007/s00159-009-0020-6},
   adsurl = {http://adsabs.harvard.edu/abs/2009A%26ARv..17..251S},
  adsnote = {Provided by the SAO/NASA Astrophysics Data System}
}

@ARTICLE{2010Winn,
   author = {{Winn}, J.~N.},
    title = "{Transits and Occultations}",
  journal = {ArXiv e-prints},
archivePrefix = "arXiv",
   eprint = {1001.2010},
 primaryClass = "astro-ph.EP",
 keywords = {Astrophysics - Earth and Planetary Astrophysics},
     year = 2010,
    month = jan,
   adsurl = {http://adsabs.harvard.edu/abs/2010arXiv1001.2010W},
  adsnote = {Provided by the SAO/NASA Astrophysics Data System}
}

@ARTICLE{2013Kopparaupu,
   author = {{Kopparapu}, R.~K.},
    title = "{A Revised Estimate of the Occurrence Rate of Terrestrial Planets in the Habitable Zones around Kepler M-dwarfs}",
  journal = {\apjl},
archivePrefix = "arXiv",
   eprint = {1303.2649},
 primaryClass = "astro-ph.EP",
 keywords = {planets and satellites: atmospheres},
     year = 2013,
    month = apr,
   volume = 767,
      eid = {L8},
    pages = {L8},
      doi = {10.1088/2041-8205/767/1/L8},
   adsurl = {http://adsabs.harvard.edu/abs/2013ApJ...767L...8K},
  adsnote = {Provided by the SAO/NASA Astrophysics Data System}
}

@ARTICLE{2003Mayor,
   author = {{Mayor}, M. and {Pepe}, F. and {Queloz}, D. and {Bouchy}, F. and 
  {Rupprecht}, G. and {Lo Curto}, G. and {Avila}, G. and {Benz}, W. and 
  {Bertaux}, J.-L. and {Bonfils}, X. and {Dall}, T. and {Dekker}, H. and 
  {Delabre}, B. and {Eckert}, W. and {Fleury}, M. and {Gilliotte}, A. and 
  {Gojak}, D. and {Guzman}, J.~C. and {Kohler}, D. and {Lizon}, J.-L. and 
  {Longinotti}, A. and {Lovis}, C. and {Megevand}, D. and {Pasquini}, L. and 
  {Reyes}, J. and {Sivan}, J.-P. and {Sosnowska}, D. and {Soto}, R. and 
  {Udry}, S. and {van Kesteren}, A. and {Weber}, L. and {Weilenmann}, U.
  },
    title = "{Setting New Standards with HARPS}",
  journal = {The Messenger},
     year = 2003,
    month = dec,
   volume = 114,
    pages = {20-24},
   adsurl = {http://adsabs.harvard.edu/abs/2003Msngr.114...20M},
  adsnote = {Provided by the SAO/NASA Astrophysics Data System}
}

@INPROCEEDINGS{2009Ricker,
   author = {{Ricker}, G.~R. and {Latham}, D.~W. and {Vanderspek}, R.~K. and 
  {Ennico}, K.~A. and {Bakos}, G. and {Brown}, T.~M. and {Burgasser}, A.~J. and 
  {Charbonneau}, D. and {Deming}, L.~D. and {Doty}, J.~P. and 
  {Dunham}, E.~W. and {Elliot}, J.~L. and {Holman}, M.~J. and 
  {Ida}, S. and {Jenkins}, J.~M. and {Jernigan}, J.~G. and {Kawai}, N. and 
  {Laughlin}, G.~P. and {Lissauer}, J.~J. and {Martel}, F. and 
  {Sasselov}, D.~D. and {Schingler}, R.~H. and {Seager}, S. and 
  {Torres}, G. and {Udry}, S. and {Villasenor}, J.~S. and {Winn}, J.~N. and 
  {Worden}, S.~P.},
    title = "{The Transiting Exoplanet Survey Satellite (TESS)}",
booktitle = {American Astronomical Society Meeting Abstracts \#213},
     year = 2009,
   series = {Bulletin of the American Astronomical Society},
   volume = 41,
    month = jan,
    pages = {403.01},
   adsurl = {http://adsabs.harvard.edu/abs/2009AAS...21340301R},
  adsnote = {Provided by the SAO/NASA Astrophysics Data System}
}

@manual{FunnelWeb,
      title  = "FunnelWeb",
      author = {{Ireland}, M and {Tinney}, C and {Martell}, S},
      url    = "http://funnel-web.wikispaces.com/",
      year   = "2013"
}

@manual{Veloce,
      title  = "Veloce",
      author = {{Tinney}, C and {Ireland}, M},
      url    = "http://newt.phys.unsw.edu.au/~cgt/Veloce/Veloce.html",
      year   = "2013"
}

@ARTICLE{2006Skrutskie,
   author = {{Skrutskie}, M.~F. and {Cutri}, R.~M. and {Stiening}, R. and 
  {Weinberg}, M.~D. and {Schneider}, S. and {Carpenter}, J.~M. and 
  {Beichman}, C. and {Capps}, R. and {Chester}, T. and {Elias}, J. and 
  {Huchra}, J. and {Liebert}, J. and {Lonsdale}, C. and {Monet}, D.~G. and 
  {Price}, S. and {Seitzer}, P. and {Jarrett}, T. and {Kirkpatrick}, J.~D. and 
  {Gizis}, J.~E. and {Howard}, E. and {Evans}, T. and {Fowler}, J. and 
  {Fullmer}, L. and {Hurt}, R. and {Light}, R. and {Kopan}, E.~L. and 
  {Marsh}, K.~A. and {McCallon}, H.~L. and {Tam}, R. and {Van Dyk}, S. and 
  {Wheelock}, S.},
    title = "{The Two Micron All Sky Survey (2MASS)}",
  journal = {\aj},
 keywords = {Catalogs, Infrared: General, Surveys},
     year = 2006,
    month = feb,
   volume = 131,
    pages = {1163-1183},
      doi = {10.1086/498708},
   adsurl = {http://adsabs.harvard.edu/abs/2006AJ....131.1163S},
  adsnote = {Provided by the SAO/NASA Astrophysics Data System}
}

@manual{Phoenix,
      title  = "PHOENIX stellar atmosphere simulator",
      author = "Hauschildt, P",
      url    = "http://www.hs.uni-hamburg.de/index.php?option=com_content&view=article&id=14&Itemid=294&lang=en",
      year   = "1987"
}

@ARTICLE{2008West,
   author = {{West}, A.~A. and {Hawley}, S.~L. and {Bochanski}, J.~J. and 
  {Covey}, K.~R. and {Reid}, I.~N. and {Dhital}, S. and {Hilton}, E.~J. and 
  {Masuda}, M.},
    title = "{Constraining the Age-Activity Relation for Cool Stars: The Sloan Digital Sky Survey Data Release 5 Low-Mass Star Spectroscopic Sample}",
  journal = {\aj},
archivePrefix = "arXiv",
   eprint = {0712.1590},
 keywords = {solar neighborhood, Galaxy: kinematics and dynamics, Galaxy: structure, stars: activity, stars: late-type, stars: low-mass, brown dwarfs},
     year = 2008,
    month = mar,
   volume = 135,
    pages = {785-795},
      doi = {10.1088/0004-6256/135/3/785},
   adsurl = {http://adsabs.harvard.edu/abs/2008AJ....135..785W},
  adsnote = {Provided by the SAO/NASA Astrophysics Data System}
}

@BOOK{2010Aerts,
   author = {{Aerts}, C. and {Christensen-Dalsgaard}, J. and {Kurtz}, D.~W.
  },
    title = "{Asteroseismology}",
 keywords = {Physics, Astronomy, Astrophysics and Cosmology},
booktitle = {Asteroseismology, Astronomy and Astrophysics Library.~ISBN 978-1-4020-5178-4.~Springer Science+Business Media B.V., 2010, p.},
     year = 2010,
   adsurl = {http://adsabs.harvard.edu/abs/2010aste.book.....A},
  adsnote = {Provided by the SAO/NASA Astrophysics Data System}
}

@INBOOK{2005Taylor,
       author = {{Taylor}, M.~B.},
        title = "{TOPCAT \&amp; STIL: Starlink Table/VOTable Processing Software}",
    booktitle = {Astronomical Data Analysis Software and Systems XIV},
         year = 2005,
       editor = {{Shopbell}, P. and {Britton}, M. and {Ebert}, R.},
       volume = {347},
       series = {Astronomical Society of the Pacific Conference Series},
        pages = {29},
       adsurl = {https://ui.adsabs.harvard.edu/abs/2005ASPC..347...29T},
      adsnote = {Provided by the SAO/NASA Astrophysics Data System}
}

@ARTICLE{2017Simon-Diaz,
       author = {{Sim{\'o}n-D{\'\i}az}, S. and {Godart}, M. and {Castro}, N. and
         {Herrero}, A. and {Aerts}, C. and {Puls}, J. and {Telting}, J. and
         {Grassitelli}, L.},
        title = "{The IACOB project . III. New observational clues to understand macroturbulent broadening in massive O- and B-type stars}",
      journal = {\aap},
     keywords = {stars: early-type, stars: fundamental parameters, stars: massive, stars: rotation, stars: oscillations, techniques: spectroscopic, Astrophysics - Solar and Stellar Astrophysics},
         year = "2017",
        month = "Jan",
       volume = {597},
          eid = {A22},
        pages = {A22},
          doi = {10.1051/0004-6361/201628541},
archivePrefix = {arXiv},
       eprint = {1608.05508},
 primaryClass = {astro-ph.SR},
       adsurl = {https://ui.adsabs.harvard.edu/abs/2017A&A...597A..22S},
      adsnote = {Provided by the SAO/NASA Astrophysics Data System}
}

@ARTICLE{2015LoCurto,
       author = {{Lo Curto}, G. and {Pepe}, F. and {Avila}, G. and {Boffin}, H. and
         {Bovay}, S. and {Chazelas}, B. and {Coffinet}, A. and {Fleury}, M. and
         {Hughes}, I. and {Lovis}, C. and {Maire}, C. and {Manescau}, A. and
         {Pasquini}, L. and {Rihs}, S. and {Sinclaire}, P. and {Udry}, S.},
        title = "{HARPS Gets New Fibres After 12 Years of Operations}",
      journal = {The Messenger},
         year = "2015",
        month = "Dec",
       volume = {162},
        pages = {9-15},
       adsurl = {https://ui.adsabs.harvard.edu/abs/2015Msngr.162....9L},
      adsnote = {Provided by the SAO/NASA Astrophysics Data System}
}

@ARTICLE{2011Gomes,
   author = {{Gomes da Silva}, J. and {Santos}, N.~C. and {Bonfils}, X. and 
  {Delfosse}, X. and {Forveille}, T. and {Udry}, S.},
    title = "{Long-term magnetic activity of a sample of M-dwarf stars from the HARPS program. I. Comparison of activity indices}",
  journal = {\aap},
archivePrefix = "arXiv",
   eprint = {1109.0321},
 primaryClass = "astro-ph.SR",
 keywords = {techniques: spectroscopic, stars: late-type, stars: activity},
     year = 2011,
    month = oct,
   volume = 534,
      eid = {A30},
    pages = {A30},
      doi = {10.1051/0004-6361/201116971},
   adsurl = {http://adsabs.harvard.edu/abs/2011A%26A...534A..30G},
  adsnote = {Provided by the SAO/NASA Astrophysics Data System}
}

@book{2005Reid,
      author        = "Reid, I. Neill and Hawley, Suzanne L",
      title         = "{New Light on Dark Stars: Red Dwarfs, Low-Mass Stars,
                       Brown Dwarfs}",
      publisher     = "Praxis Publishing Ltd, Chichester, UK",
      address       = "Berlin, Heidelberg",
      series        = "Springer Praxis Books",
      year          = "2005",
}

@ARTICLE{2012Zhao,
   author = {{Zhao}, G. and {Zhao}, Y. and {Chu}, Y. and {Jing}, Y. and {Deng}, L.
  },
    title = "{LAMOST Spectral Survey}",
  journal = {ArXiv e-prints},
archivePrefix = "arXiv",
   eprint = {1206.3569},
 primaryClass = "astro-ph.IM",
 keywords = {Astrophysics - Instrumentation and Methods for Astrophysics},
     year = 2012,
    month = jun,
   adsurl = {http://adsabs.harvard.edu/abs/2012arXiv1206.3569Z},
  adsnote = {Provided by the SAO/NASA Astrophysics Data System}
}

@ARTICLE{1996Baranne,
   author = {{Baranne}, A. and {Queloz}, D. and {Mayor}, M. and {Adrianzyk}, G. and 
  {Knispel}, G. and {Kohler}, D. and {Lacroix}, D. and {Meunier}, J.-P. and 
  {Rimbaud}, G. and {Vin}, A.},
    title = "{ELODIE: A spectrograph for accurate radial velocity measurements.}",
  journal = {\aaps},
 keywords = {INSTRUMENTATION: SPECTROGRAPHS, METHODS: DATA ANALYSIS, TECHNIQUES: SPECTROSCOPIC, RADIAL VELOCITIES},
     year = 1996,
    month = oct,
   volume = 119,
    pages = {373-390},
   adsurl = {http://adsabs.harvard.edu/abs/1996A%26AS..119..373B},
  adsnote = {Provided by the SAO/NASA Astrophysics Data System}
}

@ARTICLE{2009Schroder,
   author = {{Schr{\"o}der}, C. and {Reiners}, A. and {Schmitt}, J.~H.~M.~M.
  },
    title = "{Ca II HK emission in rapidly rotating stars. Evidence for an onset of the solar-type dynamo}",
  journal = {\aap},
 keywords = {stars: activity, stars: chromospheres, stars: rotation},
     year = 2009,
    month = jan,
   volume = 493,
    pages = {1099-1107},
      doi = {10.1051/0004-6361:200810377},
   adsurl = {http://adsabs.harvard.edu/abs/2009A%26A...493.1099S},
  adsnote = {Provided by the SAO/NASA Astrophysics Data System}
}
@ARTICLE{2003Hanuschik,
   author = {{Hanuschik}, R.~W.},
    title = "{A flux-calibrated, high-resolution atlas of optical sky emission from UVES}",
  journal = {\aap},
 keywords = {line: identification, atomic data, atmospheric effects, atlases, techniques: spectroscopic},
     year = 2003,
    month = sep,
   volume = 407,
    pages = {1157-1164},
      doi = {10.1051/0004-6361:20030885},
   adsurl = {http://adsabs.harvard.edu/abs/2003A%26A...407.1157H},
  adsnote = {Provided by the SAO/NASA Astrophysics Data System}
}

@INPROCEEDINGS{2007Montalban,
   author = {{Montalb{\'a}n}, J. and {Nendwich}, J. and {Heiter}, U. and 
	{Kupka}, F. and {Paunzen}, E. and {Smalley}, B.},
    title = "{Effect of the microturbulence parameter on the Color-Magnitude Diagram}",
booktitle = {Convection in Astrophysics},
     year = 2007,
   series = {IAU Symposium},
   volume = 239,
   editor = {{Kupka}, F. and {Roxburgh}, I. and {Chan}, K.~L.},
    month = may,
    pages = {166-168},
      doi = {10.1017/S1743921307000361},
   adsurl = {http://adsabs.harvard.edu/abs/2007IAUS..239..166M},
  adsnote = {Provided by the SAO/NASA Astrophysics Data System}
}


@ARTICLE{2002Dahn,
   author = {{Dahn}, C.~C. and {Harris}, H.~C. and {Vrba}, F.~J. and {Guetter}, H.~H. and 
  {Canzian}, B. and {Henden}, A.~A. and {Levine}, S.~E. and {Luginbuhl}, C.~B. and 
  {Monet}, A.~K.~B. and {Monet}, D.~G. and {Pier}, J.~R. and {Stone}, R.~C. and 
  {Walker}, R.~L. and {Burgasser}, A.~J. and {Gizis}, J.~E. and 
  {Kirkpatrick}, J.~D. and {Liebert}, J. and {Reid}, I.~N.},
    title = "{Astrometry and Photometry for Cool Dwarfs and Brown Dwarfs}",
  journal = {\aj},
   eprint = {astro-ph/0205050},
 keywords = {Astrometry, Stars: Color-Magnitude Diagrams, Stars: Distances, Stars: Late-Type, Stars: Low-Mass, Brown Dwarfs},
     year = 2002,
    month = aug,
   volume = 124,
    pages = {1170-1189},
      doi = {10.1086/341646},
   adsurl = {http://adsabs.harvard.edu/abs/2002AJ....124.1170D},
  adsnote = {Provided by the SAO/NASA Astrophysics Data System}
}

@ARTICLE{2014Hawley,
   author = {{Hawley}, S.~L. and {Davenport}, J.~R.~A. and {Kowalski}, A.~F. and 
  {Wisniewski}, J.~P. and {Hebb}, L. and {Deitrick}, R. and {Hilton}, E.~J.
  },
    title = "{Kepler Flares. I. Active and Inactive M Dwarfs}",
  journal = {\apj},
archivePrefix = "arXiv",
   eprint = {1410.7779},
 primaryClass = "astro-ph.SR",
 keywords = {stars: activity, stars: flare, stars: late-type, stars: low-mass, starspots},
     year = 2014,
    month = dec,
   volume = 797,
      eid = {121},
    pages = {121},
      doi = {10.1088/0004-637X/797/2/121},
   adsurl = {http://adsabs.harvard.edu/abs/2014ApJ...797..121H},
  adsnote = {Provided by the SAO/NASA Astrophysics Data System}
}

@ARTICLE{1997Adams,
   author = {{Adams}, F.~C. and {Laughlin}, G.},
    title = "{A dying universe: the long-term fate and evolution of astrophysical objects}",
  journal = {Reviews of Modern Physics},
   eprint = {astro-ph/9701131},
     year = 1997,
    month = apr,
   volume = 69,
    pages = {337-372},
      doi = {10.1103/RevModPhys.69.337},
   adsurl = {http://adsabs.harvard.edu/abs/1997RvMP...69..337A},
  adsnote = {Provided by the SAO/NASA Astrophysics Data System}
}

@ARTICLE{2002Pepe,
   author = {{Pepe}, F. and {Mayor}, M. and {Galland}, F. and {Naef}, D. and 
  {Queloz}, D. and {Santos}, N.~C. and {Udry}, S. and {Burnet}, M.
  },
    title = "{The CORALIE survey for southern extra-solar planets VII. Two short-period Saturnian companions to <ASTROBJ>HD 108147</ASTROBJ> and <ASTROBJ>HD 168746</ASTROBJ>}",
  journal = {\aap},
   eprint = {astro-ph/0202457},
 keywords = {techniques: radial velocities, stars: individual: HD 108147, stars: individual: HD 168746},
     year = 2002,
    month = jun,
   volume = 388,
    pages = {632-638},
      doi = {10.1051/0004-6361:20020433},
   adsurl = {http://adsabs.harvard.edu/abs/2002A%26A...388..632P},
  adsnote = {Provided by the SAO/NASA Astrophysics Data System}
}

@ARTICLE{1987Hartman,
   author = {{Hartmann}, L.~W. and {Noyes}, R.~W.},
    title = "{Rotation and magnetic activity in main-sequence stars}",
  journal = {\araa},
 keywords = {Magnetoactivity, Main Sequence Stars, Stellar Activity, Stellar Evolution, Stellar Magnetic Fields, Stellar Rotation, Emission Spectra, Star Clusters, Stellar Mass, Stellar Spectra},
     year = 1987,
   volume = 25,
    pages = {271-301},
      doi = {10.1146/annurev.aa.25.090187.001415},
   adsurl = {http://adsabs.harvard.edu/abs/1987ARA%26A..25..271H},
  adsnote = {Provided by the SAO/NASA Astrophysics Data System}
}

@ARTICLE{2012Reiners,
   author = {{Reiners}, A. and {Joshi}, N. and {Goldman}, B.},
    title = "{A Catalog of Rotation and Activity in Early-M Stars}",
  journal = {\aj},
archivePrefix = "arXiv",
   eprint = {1201.5774},
 primaryClass = "astro-ph.SR",
 keywords = {stars: activity, stars: low-mass, stars: rotation},
     year = 2012,
    month = apr,
   volume = 143,
      eid = {93},
    pages = {93},
      doi = {10.1088/0004-6256/143/4/93},
   adsurl = {http://adsabs.harvard.edu/abs/2012AJ....143...93R},
  adsnote = {Provided by the SAO/NASA Astrophysics Data System}
}

@ARTICLE{2016Wright,
   author = {{Wright}, D.~J. and {Wittenmyer}, R.~A. and {Tinney}, C.~G. and 
  {Bentley}, J.~S. and {Zhao}, J.},
    title = "{Three Planets Orbiting Wolf 1061}",
  journal = {\apjl},
archivePrefix = "arXiv",
   eprint = {1512.05154},
 primaryClass = "astro-ph.EP",
 keywords = {methods: data analysis, planets and satellites: detection, stars: individual: Wolf 1061, GJ 628, techniques: spectroscopic},
     year = 2016,
    month = feb,
   volume = 817,
      eid = {L20},
    pages = {L20},
      doi = {10.3847/2041-8205/817/2/L20},
   adsurl = {http://adsabs.harvard.edu/abs/2016ApJ...817L..20W},
  adsnote = {Provided by the SAO/NASA Astrophysics Data System}
}

@ARTICLE{2011Sharma,
   author = {{Sharma}, S. and {Bland-Hawthorn}, J. and {Johnston}, K.~V. and 
  {Binney}, J.},
    title = "{Galaxia: A Code to Generate a Synthetic Survey of the Milky Way}",
  journal = {\apj},
archivePrefix = "arXiv",
   eprint = {1101.3561},
 keywords = {Galaxy: stellar content, Galaxy: structure, methods: data analysis, methods: numerical},
     year = 2011,
    month = mar,
   volume = 730,
      eid = {3},
    pages = {3},
      doi = {10.1088/0004-637X/730/1/3},
   adsurl = {http://adsabs.harvard.edu/abs/2011ApJ...730....3S},
  adsnote = {Provided by the SAO/NASA Astrophysics Data System}
}

@ARTICLE{2001Chabrier,
   author = {{Chabrier}, G.},
    title = "{The Galactic Disk Mass Budget. I. Stellar Mass Function and Density}",
  journal = {\apj},
   eprint = {astro-ph/0107018},
 keywords = {Cosmology: Dark Matter, Stars: Low-Mass, Brown Dwarfs, Stars: Luminosity Function, Mass Function},
     year = 2001,
    month = jun,
   volume = 554,
    pages = {1274-1281},
      doi = {10.1086/321401},
   adsurl = {http://adsabs.harvard.edu/abs/2001ApJ...554.1274C},
  adsnote = {Provided by the SAO/NASA Astrophysics Data System}
}

@ARTICLE{2015Dumusque,
   author = {{Dumusque}, X. and {Pepe}, F. and {Lovis}, C. and {Latham}, D.~W.
  },
    title = "{Characterization of a Spurious One-year Signal in HARPS Data}",
  journal = {\apj},
archivePrefix = "arXiv",
   eprint = {1508.00596},
 primaryClass = "astro-ph.EP",
 keywords = {instrumentation: detectors, instrumentation: spectrographs, methods: data analysis, planets and satellites: terrestrial planets, techniques: radial velocities},
     year = 2015,
    month = aug,
   volume = 808,
      eid = {171},
    pages = {171},
      doi = {10.1088/0004-637X/808/2/171},
   adsurl = {http://adsabs.harvard.edu/abs/2015ApJ...808..171D},
  adsnote = {Provided by the SAO/NASA Astrophysics Data System}
}

@BOOK{2008Gray,
   author = {{Gray}, D.~F.},
    title = "{The Observation and Analysis of Stellar Photospheres}",
booktitle = {The Observation and Analysis of Stellar Photospheres, by David F.~Gray, Cambridge, UK: Cambridge University Press, 2008},
     year = 2008,
    month = jun,
   adsurl = {http://adsabs.harvard.edu/abs/2008oasp.book.....G},
  adsnote = {Provided by the SAO/NASA Astrophysics Data System}
}

@ARTICLE{2011Hirano,
   author = {{Hirano}, T. and {Suto}, Y. and {Winn}, J.~N. and {Taruya}, A. and 
  {Narita}, N. and {Albrecht}, S. and {Sato}, B.},
    title = "{Improved Modeling of the Rossiter-McLaughlin Effect for Transiting Exoplanets}",
  journal = {\apj},
archivePrefix = "arXiv",
   eprint = {1108.4430},
 primaryClass = "astro-ph.EP",
 keywords = {planets and satellites: general, planets and satellites: formation, stars: rotation, techniques: radial velocities, techniques: spectroscopic},
     year = 2011,
    month = dec,
   volume = 742,
      eid = {69},
    pages = {69},
      doi = {10.1088/0004-637X/742/2/69},
   adsurl = {http://adsabs.harvard.edu/abs/2011ApJ...742...69H},
  adsnote = {Provided by the SAO/NASA Astrophysics Data System}
}

@ARTICLE{2012Hirano,
   author = {{Hirano}, T. and {Sanchis-Ojeda}, R. and {Takeda}, Y. and {Narita}, N. and 
  {Winn}, J.~N. and {Taruya}, A. and {Suto}, Y.},
    title = "{Measurements of Stellar Inclinations for Kepler Planet Candidates}",
  journal = {\apj},
archivePrefix = "arXiv",
   eprint = {1205.3233},
 primaryClass = "astro-ph.EP",
 keywords = {planets and satellites: formation, planets and satellites: general, stars: rotation, techniques: spectroscopic},
     year = 2012,
    month = sep,
   volume = 756,
      eid = {66},
    pages = {66},
      doi = {10.1088/0004-637X/756/1/66},
   adsurl = {http://adsabs.harvard.edu/abs/2012ApJ...756...66H},
  adsnote = {Provided by the SAO/NASA Astrophysics Data System}
}

@ARTICLE{2016Gaia,
   author = {{Gaia Collaboration} and {Prusti}, T. and {de Bruijne}, J.~H.~J. and 
  {Brown}, A.~G.~A. and {Vallenari}, A. and {Babusiaux}, C. and 
  {Bailer-Jones}, C.~A.~L. and {Bastian}, U. and {Biermann}, M. and 
  {Evans}, D.~W. and et al.},
    title = "{The Gaia mission}",
  journal = {\aap},
archivePrefix = "arXiv",
   eprint = {1609.04153},
 primaryClass = "astro-ph.IM",
 keywords = {space vehicles: instruments, Galaxy: structure, astrometry, parallaxes, proper motions, telescopes},
     year = 2016,
    month = nov,
   volume = 595,
      eid = {A1},
    pages = {A1},
      doi = {10.1051/0004-6361/201629272},
   adsurl = {http://adsabs.harvard.edu/abs/2016A%26A...595A...1G},
  adsnote = {Provided by the SAO/NASA Astrophysics Data System}
}

@ARTICLE{2018GaiaDR2,
   author = {{Gaia Collaboration} and {Brown}, A.~G.~A. and {Vallenari}, A. and 
  {Prusti}, T. and {de Bruijne}, J.~H.~J. and {Babusiaux}, C. and 
  {Bailer-Jones}, C.~A.~L.},
    title = "{Gaia Data Release 2. Summary of the contents and survey properties}",
  journal = {ArXiv e-prints},
archivePrefix = "arXiv",
   eprint = {1804.09365},
 keywords = {Astrophysics - Astrophysics of Galaxies, Astrophysics - Instrumentation and Methods for Astrophysics},
     year = 2018,
    month = apr,
   adsurl = {http://adsabs.harvard.edu/abs/2018arXiv180409365G},
  adsnote = {Provided by the SAO/NASA Astrophysics Data System}
}

@INPROCEEDINGS{2004Rupprecht,
   author = {{Rupprecht}, G. and {Pepe}, F. and {Mayor}, M. and {Queloz}, D. and 
  {Bouchy}, F. and {Avila}, G. and {Benz}, W. and {Bertaux}, J.-L. and 
  {Bonfils}, X. and {Dall}, T. and {Delabre}, B. and {Dekker}, H. and 
  {Eckert}, W. and {Fleury}, M. and {Gilliotte}, A. and {Gojak}, D. and 
  {Guzman}, J.~C. and {Kohler}, D. and {Lizon}, J.-L. and {Lo Curto}, G. and 
  {Longinotti}, A. and {Lovis}, C. and {Megevand}, D. and {Pasquini}, L. and 
  {Reyes}, J. and {Sivan}, J.-P. and {Sosnowska}, D. and {Soto}, R. and 
  {Udry}, S. and {Van Kesteren}, A. and {Weber}, L. and {Weilenmann}, U.
  },
    title = "{The exoplanet hunter HARPS: performance and first results}",
booktitle = {Ground-based Instrumentation for Astronomy},
     year = 2004,
   series = {\procspie},
   volume = 5492,
   editor = {{Moorwood}, A.~F.~M. and {Iye}, M.},
    month = sep,
    pages = {148-159},
      doi = {10.1117/12.551267},
   adsurl = {http://adsabs.harvard.edu/abs/2004SPIE.5492..148R},
  adsnote = {Provided by the SAO/NASA Astrophysics Data System}
}

@INPROCEEDINGS{2014Kuehn,
   author = {{Kuehn}, K. and {Lawrence}, J. and {Brown}, D.~M. and {Case}, S. and 
  {Colless}, M. and {Content}, R. and {Gers}, L. and {Gilbert}, J. and 
  {Goodwin}, M. and {Hopkins}, A.~M. and {Ireland}, M. and {Lorente}, N.~P.~F. and 
  {Muller}, R. and {Nichani}, V. and {Rakman}, A. and {Richards}, S.~N. and 
  {Saunders}, W. and {Staszak}, N.~F. and {Tims}, J. and {Waller}, L.~G.
  },
    title = "{TAIPAN: optical spectroscopy with StarBugs}",
booktitle = {Ground-based and Airborne Instrumentation for Astronomy V},
     year = 2014,
   series = {\procspie},
   volume = 9147,
    month = jul,
      eid = {914710},
    pages = {914710},
      doi = {10.1117/12.2055677},
   adsurl = {http://adsabs.harvard.edu/abs/2014SPIE.9147E..10K},
  adsnote = {Provided by the SAO/NASA Astrophysics Data System}
}

@ARTICLE{2012Cui,
   author = {{Cui}, X.-Q. and {Zhao}, Y.-H. and {Chu}, Y.-Q. and {Li}, G.-P. and 
  {Li}, Q. and {Zhang}, L.-P. and {Su}, H.-J. and {Yao}, Z.-Q. and 
  {Wang}, Y.-N. and {Xing}, X.-Z. and {Li}, X.-N. and {Zhu}, Y.-T. and 
  {Wang}, G. and {Gu}, B.-Z. and {Luo}, A.-L. and {Xu}, X.-Q. and 
  {Zhang}, Z.-C. and {Liu}, G.-R. and {Zhang}, H.-T. and {Yang}, D.-H. and 
  {Cao}, S.-Y. and {Chen}, H.-Y. and {Chen}, J.-J. and {Chen}, K.-X. and 
  {Chen}, Y. and {Chu}, J.-R. and {Feng}, L. and {Gong}, X.-F. and 
  {Hou}, Y.-H. and {Hu}, H.-Z. and {Hu}, N.-S. and {Hu}, Z.-W. and 
  {Jia}, L. and {Jiang}, F.-H. and {Jiang}, X. and {Jiang}, Z.-B. and 
  {Jin}, G. and {Li}, A.-H. and {Li}, Y. and {Li}, Y.-P. and {Liu}, G.-Q. and 
  {Liu}, Z.-G. and {Lu}, W.-Z. and {Mao}, Y.-D. and {Men}, L. and 
  {Qi}, Y.-J. and {Qi}, Z.-X. and {Shi}, H.-M. and {Tang}, Z.-H. and 
  {Tao}, Q.-S. and {Wang}, D.-Q. and {Wang}, D. and {Wang}, G.-M. and 
  {Wang}, H. and {Wang}, J.-N. and {Wang}, J. and {Wang}, J.-L. and 
  {Wang}, J.-P. and {Wang}, L. and {Wang}, S.-Q. and {Wang}, Y. and 
  {Wang}, Y.-F. and {Xu}, L.-Z. and {Xu}, Y. and {Yang}, S.-H. and 
  {Yu}, Y. and {Yuan}, H. and {Yuan}, X.-Y. and {Zhai}, C. and 
  {Zhang}, J. and {Zhang}, Y.-X. and {Zhang}, Y. and {Zhao}, M. and 
  {Zhou}, F. and {Zhou}, G.-H. and {Zhu}, J. and {Zou}, S.-C.},
    title = "{The Large Sky Area Multi-Object Fiber Spectroscopic Telescope (LAMOST)}",
  journal = {Research in Astronomy and Astrophysics},
     year = 2012,
    month = sep,
   volume = 12,
    pages = {1197-1242},
      doi = {10.1088/1674-4527/12/9/003},
   adsurl = {http://adsabs.harvard.edu/abs/2012RAA....12.1197C},
  adsnote = {Provided by the SAO/NASA Astrophysics Data System}
}

@ARTICLE{2015Zhong,
   author = {{Zhong}, J. and {L{\'e}pine}, S. and {Hou}, J. and {Shen}, S. and 
  {Yuan}, H. and {Huo}, Z. and {Zhang}, H. and {Xiang}, M. and 
  {Zhang}, H. and {Liu}, X.},
    title = "{Automated Identification of 2612 Late-K and M Dwarfs in the LAMOST Commissioning Data Using Classification Template Fits}",
  journal = {The Astronomical Journal},
archivePrefix = "arXiv",
   eprint = {1505.01592},
 primaryClass = "astro-ph.SR",
 keywords = {methods: data analysis, stars: kinematics and dynamics, stars: low-mass, surveys},
     year = 2015,
    month = aug,
   volume = 150,
      eid = {42},
    pages = {42},
      doi = {10.1088/0004-6256/150/2/42},
   adsurl = {http://adsabs.harvard.edu/abs/2015AJ....150...42Z},
  adsnote = {Provided by the SAO/NASA Astrophysics Data System}
}

@ARTICLE{2011West,
   author = {{West}, A.~A. and {Morgan}, D.~P. and {Bochanski}, J.~J. and 
  {Andersen}, J.~M. and {Bell}, K.~J. and {Kowalski}, A.~F. and 
  {Davenport}, J.~R.~A. and {Hawley}, S.~L. and {Schmidt}, S.~J. and 
  {Bernat}, D. and {Hilton}, E.~J. and {Muirhead}, P. and {Covey}, K.~R. and 
  {Rojas-Ayala}, B. and {Schlawin}, E. and {Gooding}, M. and {Schluns}, K. and 
  {Dhital}, S. and {Pineda}, J.~S. and {Jones}, D.~O.},
    title = "{The Sloan Digital Sky Survey Data Release 7 Spectroscopic M Dwarf Catalog. I. Data}",
  journal = {\aj},
archivePrefix = "arXiv",
   eprint = {1101.1082},
 primaryClass = "astro-ph.SR",
 keywords = {brown dwarfs, Galaxy: kinematics and dynamics, stars: abundances, stars: activity, stars: late-type, stars: low-mass},
     year = 2011,
    month = mar,
   volume = 141,
      eid = {97},
    pages = {97},
      doi = {10.1088/0004-6256/141/3/97},
   adsurl = {http://adsabs.harvard.edu/abs/2011AJ....141...97W},
  adsnote = {Provided by the SAO/NASA Astrophysics Data System}
}

@ARTICLE{2012Bressan,
   author = {{Bressan}, A. and {Marigo}, P. and {Girardi}, L. and {Salasnich}, B. and 
  {Dal Cero}, C. and {Rubele}, S. and {Nanni}, A.},
    title = "{PARSEC: stellar tracks and isochrones with the PAdova and TRieste Stellar Evolution Code}",
  journal = {\mnras},
archivePrefix = "arXiv",
   eprint = {1208.4498},
 primaryClass = "astro-ph.SR",
 keywords = {stars: evolution, Hertzsprung{\dash}Russell and colour magnitude diagrams, stars: interiors, stars: low-mass},
     year = 2012,
    month = nov,
   volume = 427,
    pages = {127-145},
      doi = {10.1111/j.1365-2966.2012.21948.x},
   adsurl = {http://adsabs.harvard.edu/abs/2012MNRAS.427..127B},
  adsnote = {Provided by the SAO/NASA Astrophysics Data System}
}

@Article{2014Tang,
  Title                    = "{New PARSEC evolutionary tracks of massive stars at low metallicity: testing canonical stellar evolution in nearby star-forming dwarf galaxies}",
  Author                   = {{Tang}, J. and {Bressan}, A. and {Rosenfield}, P. and {Slemer}, A. and {Marigo}, P. and {Girardi}, L. and {Bianchi}, L.},
  Journal                  = {\mnras},
  Year                     = {2014},

  Month                    = dec,
  Pages                    = {4287-4305},
  Volume                   = {445},

  Adsnote                  = {Provided by the SAO/NASA Astrophysics Data System},
  Adsurl                   = {http://adsabs.harvard.edu/abs/2014MNRAS.445.4287T},
  Archiveprefix            = {arXiv},
  Doi                      = {10.1093/mnras/stu2029},
  Eprint                   = {1410.1745},
  Keywords                 = {stars: evolution, Hertzsprung-Russell and colour-magnitude diagrams, stars: interiors, stars: massive},
  Primaryclass             = {astro-ph.SR}
}

@Article{2014Chen,
  Title                    = {{Improving PARSEC models for very low mass stars}},
  Author                   = {{Chen}, Y. and {Girardi}, L. and {Bressan}, A. and {Marigo}, P. and {Barbieri}, M. and {Kong}, X.},
  Journal                  = {\mnras},
  Year                     = {2014},

  Month                    = nov,
  Pages                    = {2525-2543},
  Volume                   = {444},

  Adsnote                  = {Provided by the SAO/NASA Astrophysics Data System},
  Adsurl                   = {http://adsabs.harvard.edu/abs/2014MNRAS.444.2525C},
  Archiveprefix            = {arXiv},
  Doi                      = {10.1093/mnras/stu1605},
  Eprint                   = {1409.0322},
  Keywords                 = {stars: evolution, Hertzsprung-Russell and colour-magnitude diagrams, stars: low-mass},
  Primaryclass             = {astro-ph.SR}
}

@Article{2015Chen,
  Title                    = {{PARSEC evolutionary tracks of massive stars up to 350 M$_{⊙}$ at metallicities 0.0001 \textless Z \textless 0.04}},
  Author                   = {{Chen}, Y. and {Bressan}, A. and {Girardi}, L. and {Marigo}, P. and {Kong}, X. and {Lanza}, A.},
  Journal                  = {\mnras},
  Year                     = {2015},

  Month                    = sep,
  Pages                    = {1068-1080},
  Volume                   = {452},

  Adsnote                  = {Provided by the SAO/NASA Astrophysics Data System},
  Adsurl                   = {http://adsabs.harvard.edu/abs/2015MNRAS.452.1068C},
  Archiveprefix            = {arXiv},
  Doi                      = {10.1093/mnras/stv1281},
  Eprint                   = {1506.01681},
  Keywords                 = {stars: evolution, Hertzsprung-Russell and colour-magnitude diagrams, stars: massive, stars: mass-loss, supergiants, stars: Wolf-Rayet},
  Primaryclass             = {astro-ph.SR}
}

@ARTICLE{2002Leggett,
   author = {{Leggett}, S.~K. and {Golimowski}, D.~A. and {Fan}, X. and {Geballe}, T.~R. and 
  {Knapp}, G.~R. and {Brinkmann}, J. and {Csabai}, I. and {Gunn}, J.~E. and 
  {Hawley}, S.~L. and {Henry}, T.~J. and {Hindsley}, R. and {Ivezi{\'c}}, {\v Z}. and 
  {Lupton}, R.~H. and {Pier}, J.~R. and {Schneider}, D.~P. and 
  {Smith}, J.~A. and {Strauss}, M.~A. and {Uomoto}, A. and {York}, D.~G.
  },
    title = "{Infrared Photometry of Late-M, L, and T Dwarfs}",
  journal = {\apj},
   eprint = {astro-ph/0108435},
 keywords = {Infrared: Stars, Stars: Fundamental Parameters, Stars: Late-Type, Stars: Low-Mass, Brown Dwarfs},
     year = 2002,
    month = jan,
   volume = 564,
    pages = {452-465},
      doi = {10.1086/324037},
   adsurl = {http://adsabs.harvard.edu/abs/2002ApJ...564..452L},
  adsnote = {Provided by the SAO/NASA Astrophysics Data System}
}

@ARTICLE{2015Ricker,
   author = {{Ricker}, G.~R. and {Winn}, J.~N. and {Vanderspek}, R. and {Latham}, D.~W. and 
  {Bakos}, G.~{\'A}. and {Bean}, J.~L. and {Berta-Thompson}, Z.~K. and 
  {Brown}, T.~M. and {Buchhave}, L. and {Butler}, N.~R. and {Butler}, R.~P. and 
  {Chaplin}, W.~J. and {Charbonneau}, D. and {Christensen-Dalsgaard}, J. and 
  {Clampin}, M. and {Deming}, D. and {Doty}, J. and {De Lee}, N. and 
  {Dressing}, C. and {Dunham}, E.~W. and {Endl}, M. and {Fressin}, F. and 
  {Ge}, J. and {Henning}, T. and {Holman}, M.~J. and {Howard}, A.~W. and 
  {Ida}, S. and {Jenkins}, J.~M. and {Jernigan}, G. and {Johnson}, J.~A. and 
  {Kaltenegger}, L. and {Kawai}, N. and {Kjeldsen}, H. and {Laughlin}, G. and 
  {Levine}, A.~M. and {Lin}, D. and {Lissauer}, J.~J. and {MacQueen}, P. and 
  {Marcy}, G. and {McCullough}, P.~R. and {Morton}, T.~D. and 
  {Narita}, N. and {Paegert}, M. and {Palle}, E. and {Pepe}, F. and 
  {Pepper}, J. and {Quirrenbach}, A. and {Rinehart}, S.~A. and 
  {Sasselov}, D. and {Sato}, B. and {Seager}, S. and {Sozzetti}, A. and 
  {Stassun}, K.~G. and {Sullivan}, P. and {Szentgyorgyi}, A. and 
  {Torres}, G. and {Udry}, S. and {Villasenor}, J.},
    title = "{Transiting Exoplanet Survey Satellite (TESS)}",
  journal = {Journal of Astronomical Telescopes, Instruments, and Systems},
     year = 2015,
    month = jan,
   volume = 1,
   number = 1,
      eid = {014003},
    pages = {014003},
      doi = {10.1117/1.JATIS.1.1.014003},
   adsurl = {http://adsabs.harvard.edu/abs/2015JATIS...1a4003R},
  adsnote = {Provided by the SAO/NASA Astrophysics Data System}
}

@ARTICLE{2003Robin,
   author = {{Robin}, A.~C. and {Reyl{\'e}}, C. and {Derri{\`e}re}, S. and 
  {Picaud}, S.},
    title = "{A synthetic view on structure and evolution of the Milky Way}",
  journal = {\aap},
 keywords = {Galaxy: stellar content, Galaxy: general, Galaxy: evolution, Galaxy: kinematics and dynamics, Galaxy: structure},
     year = 2003,
    month = oct,
   volume = 409,
    pages = {523-540},
      doi = {10.1051/0004-6361:20031117},
   adsurl = {http://adsabs.harvard.edu/abs/2003A%26A...409..523R},
  adsnote = {Provided by the SAO/NASA Astrophysics Data System}
}

@article{1988Samet,
 author = {Samet, Hanan and Tamminen, Markku},
 title = {Efficient Component Labeling of Images of Arbitrary Dimension Represented by Linear Bintrees},
 journal = {IEEE Trans. Pattern Anal. Mach. Intell.},
 issue_date = {July 1988},
 volume = {10},
 number = {4},
 month = jul,
 year = {1988},
 issn = {0162-8828},
 pages = {579--586},
 numpages = {8},
 url = {http://dx.doi.org/10.1109/34.3918},
 doi = {10.1109/34.3918},
 acmid = {48915},
 publisher = {IEEE Computer Society},
 address = {Washington, DC, USA},
 keywords = {component labeling, computerised pattern recognition, computerised picture processing, data structures, image analysis, linear bintrees, pointerless representation, quadtree data structure, trees (mathematics)},
} 

@ARTICLE{2015Michalik,
   author = {{Michalik}, D. and {Lindegren}, L. and {Hobbs}, D.},
    title = "{The Tycho-Gaia astrometric solution . How to get 2.5 million parallaxes with less than one year of Gaia data}",
  journal = {\aap},
archivePrefix = "arXiv",
   eprint = {1412.8770},
 primaryClass = "astro-ph.IM",
 keywords = {astrometry, methods: data analysis, methods: numerical, space vehicles: instruments, parallaxes, proper motions},
     year = 2015,
    month = feb,
   volume = 574,
      eid = {A115},
    pages = {A115},
      doi = {10.1051/0004-6361/201425310},
   adsurl = {http://adsabs.harvard.edu/abs/2015A%26A...574A.115M},
  adsnote = {Provided by the SAO/NASA Astrophysics Data System}
}

@ARTICLE{2017Stassun,
   author = {{Stassun}, K.~G. and {Oelkers}, R.~J. and {Pepper}, J. and {Paegert}, M. and 
  {De Lee}, N. and {Torres}, G. and {Latham}, D. and {Muirhead}, P. and 
  {Dressing}, C. and {Rojas-Ayala}, B. and {Mann}, A. and {Fleming}, S. and 
  {Levine}, A. and {Silvotti}, R. and {Plavchan}, P. and {the TESS Target Selection Working Group}
  },
    title = "{The TESS Input Catalog and Candidate Target List}",
  journal = {ArXiv e-prints},
archivePrefix = "arXiv",
   eprint = {1706.00495},
 primaryClass = "astro-ph.EP",
 keywords = {Astrophysics - Earth and Planetary Astrophysics, Astrophysics - Solar and Stellar Astrophysics},
     year = 2017,
    month = jun,
   adsurl = {http://adsabs.harvard.edu/abs/2017arXiv170600495S},
  adsnote = {Provided by the SAO/NASA Astrophysics Data System}
}

@ARTICLE{1978Vaughan,
   author = {{Vaughan}, A.~H. and {Preston}, G.~W. and {Wilson}, O.~C.},
    title = "{Flux measurements of CA II H and K emission}",
  journal = {\pasp},
 keywords = {Chromosphere, Emission Spectra, H Lines, K Lines, Stellar Spectrophotometry, Absorption Spectra, Spectrophotometers, Statistical Analysis},
     year = 1978,
    month = jun,
   volume = 90,
    pages = {267-274},
      doi = {10.1086/130324},
   adsurl = {http://adsabs.harvard.edu/abs/1978PASP...90..267V},
  adsnote = {Provided by the SAO/NASA Astrophysics Data System}
}

@ARTICLE{1968Wilson,
   author = {{Wilson}, O.~C.},
    title = "{Flux Measurements at the Centers of Stellar H- and K-Lines}",
  journal = {\apj},
     year = 1968,
    month = jul,
   volume = 153,
    pages = {221},
      doi = {10.1086/149652},
   adsurl = {http://adsabs.harvard.edu/abs/1968ApJ...153..221W},
  adsnote = {Provided by the SAO/NASA Astrophysics Data System}
}

@ARTICLE{1978Wilson,
   author = {{Wilson}, O.~C.},
    title = "{Chromospheric variations in main-sequence stars}",
  journal = {\apj},
 keywords = {Chromosphere, Late Stars, Main Sequence Stars, Periodic Variations, Stellar Atmospheres, Calcium, Emission Spectra, Graphs (Charts), Reference Stars, Tables (Data)},
     year = 1978,
    month = dec,
   volume = 226,
    pages = {379-396},
      doi = {10.1086/156618},
   adsurl = {http://adsabs.harvard.edu/abs/1978ApJ...226..379W},
  adsnote = {Provided by the SAO/NASA Astrophysics Data System}
}

@ARTICLE{2017Marrese,
   author = {{Marrese}, P.~M. and {Marinoni}, S. and {Fabrizio}, M. and {Giuffrida}, G.
  },
    title = "{Gaia Data Release 1. Cross-match with external catalogues. Algorithm and results}",
  journal = {\aap},
archivePrefix = "arXiv",
   eprint = {1710.06739},
 primaryClass = "astro-ph.SR",
 keywords = {astronomical databases: miscellaneous, catalogs, surveys, astrometry, proper motions},
     year = 2017,
    month = nov,
   volume = 607,
      eid = {A105},
    pages = {A105},
      doi = {10.1051/0004-6361/201730965},
   adsurl = {http://adsabs.harvard.edu/abs/2017A%26A...607A.105M},
  adsnote = {Provided by the SAO/NASA Astrophysics Data System}
}

@ARTICLE{2015Suarez,
       author = {{Su{\'a}rez Mascare{\~n}o}, A. and {Rebolo}, R. and
         {Gonz{\'a}lez Hern{\'a}ndez}, J.~I. and {Esposito}, M.},
        title = "{Rotation periods of late-type dwarf stars from time series high-resolution spectroscopy of chromospheric indicators}",
      journal = {\mnras},
     keywords = {stars: activity, stars: chromospheres, planetary systems, stars: rotation, starspots, Astrophysics - Earth and Planetary Astrophysics, Astrophysics - Solar and Stellar Astrophysics},
         year = "2015",
        month = "Sep",
       volume = {452},
       number = {3},
        pages = {2745-2756},
          doi = {10.1093/mnras/stv1441},
archivePrefix = {arXiv},
       eprint = {1506.08039},
 primaryClass = {astro-ph.EP},
       adsurl = {https://ui.adsabs.harvard.edu/abs/2015MNRAS.452.2745S},
      adsnote = {Provided by the SAO/NASA Astrophysics Data System}
}

@ARTICLE{2014Wright,
   author = {{Wright}, J.~T. and {Eastman}, J.~D.},
    title = "{Barycentric Corrections at 1 cm s$^{-1}$ for Precise Doppler Velocities}",
  journal = {\pasp},
archivePrefix = "arXiv",
   eprint = {1409.4774},
 primaryClass = "astro-ph.IM",
     year = 2014,
    month = sep,
   volume = 126,
    pages = {838},
      doi = {10.1086/678541},
   adsurl = {https://ui.adsabs.harvard.edu/abs/2014PASP..126..838W},
  adsnote = {Provided by the SAO/NASA Astrophysics Data System}
}

@ARTICLE{2013Bonfils,
       author = {{Bonfils}, X. and {Delfosse}, X. and {Udry}, S. and {Forveille}, T. and
         {Mayor}, M. and {Perrier}, C. and {Bouchy}, F. and {Gillon}, M. and
         {Lovis}, C. and {Pepe}, F. and {Queloz}, D. and {Santos}, N.~C. and
         {S{\'e}gransan}, D. and {Bertaux}, J. -L.},
        title = "{The HARPS search for southern extra-solar planets. XXXI. The M-dwarf sample}",
      journal = {\aap},
     keywords = {planetary systems, techniques: radial velocities, methods: data analysis, Astrophysics - Earth and Planetary Astrophysics},
         year = "2013",
        month = "Jan",
       volume = {549},
          eid = {A109},
        pages = {A109},
          doi = {10.1051/0004-6361/201014704},
archivePrefix = {arXiv},
       eprint = {1111.5019},
 primaryClass = {astro-ph.EP},
       adsurl = {https://ui.adsabs.harvard.edu/abs/2013A&A...549A.109B},
      adsnote = {Provided by the SAO/NASA Astrophysics Data System}
}

@ARTICLE{1992Wolszczan,
       author = {{Wolszczan}, A. and {Frail}, D.~A.},
        title = "{A planetary system around the millisecond pulsar PSR1257 + 12}",
      journal = {\nat},
     keywords = {Binary Stars, Extrasolar Planets, Orbital Mechanics, Planetary Systems, Pulsars, Accretion Disks, Least Squares Method, Neutron Stars, Radio Astronomy, Supernova Remnants, Astrophysics},
         year = 1992,
        month = jan,
       volume = {355},
       number = {6356},
        pages = {145-147},
          doi = {10.1038/355145a0},
       adsurl = {https://ui.adsabs.harvard.edu/abs/1992Natur.355..145W},
      adsnote = {Provided by the SAO/NASA Astrophysics Data System}
}

@ARTICLE{2006Butler,
       author = {{Butler}, R.~P. and {Wright}, J.~T. and {Marcy}, G.~W. and
         {Fischer}, D.~A. and {Vogt}, S.~S. and {Tinney}, C.~G. and
         {Jones}, H.~R.~A. and {Carter}, B.~D. and {Johnson}, J.~A. and
         {McCarthy}, C. and {Penny}, A.~J.},
        title = "{Catalog of Nearby Exoplanets}",
      journal = {\apj},
     keywords = {Stars: Planetary Systems, Stars: Activity, Stars: Chromospheres, Astrophysics},
         year = 2006,
        month = jul,
       volume = {646},
       number = {1},
        pages = {505-522},
          doi = {10.1086/504701},
archivePrefix = {arXiv},
       eprint = {astro-ph/0607493},
 primaryClass = {astro-ph},
       adsurl = {https://ui.adsabs.harvard.edu/abs/2006ApJ...646..505B},
      adsnote = {Provided by the SAO/NASA Astrophysics Data System}
}

@BOOK{1980Cox,
       author = {{Cox}, John P.},
        title = "{Theory of stellar pulsation}",
         year = 1980,
       adsurl = {https://ui.adsabs.harvard.edu/abs/1980tsp..book.....C},
      adsnote = {Provided by the SAO/NASA Astrophysics Data System}
}

@ARTICLE{2019Rodriguez,
       author = {{Rodr{\'\i}guez-L{\'o}pez}, Cristina},
        title = "{The quest for pulsating M dwarf stars}",
      journal = {Frontiers in Astronomy and Space Sciences},
     keywords = {low-mass stars, M dwarf stars, Stellar pulsations, Stellar oscillations, Asteroseismology},
         year = 2019,
        month = dec,
       volume = {6},
          eid = {76},
        pages = {76},
          doi = {10.3389/fspas.2019.00076},
       adsurl = {https://ui.adsabs.harvard.edu/abs/2019FrASS...6...76R},
      adsnote = {Provided by the SAO/NASA Astrophysics Data System}
}



@ARTICLE{1941Cowling,
       author = {{Cowling}, T.~G.},
        title = "{The non-radial oscillations of polytropic stars}",
      journal = {\mnras},
         year = 1941,
        month = jan,
       volume = {101},
        pages = {367},
          doi = {10.1093/mnras/101.8.367},
       adsurl = {https://ui.adsabs.harvard.edu/abs/1941MNRAS.101..367C},
      adsnote = {Provided by the SAO/NASA Astrophysics Data System}
}

@ARTICLE{2015Robertson,
       author = {{Robertson}, Paul and {Roy}, Arpita and {Mahadevan}, Suvrath},
        title = "{Stellar Activity Mimics a Habitable-zone Planet around Kapteyn's Star}",
      journal = {\apjl},
     keywords = {planetary systems, stars: activity, stars: individual: GJ 191, stars: late-type, techniques: radial velocities, techniques: spectroscopic, Astrophysics - Earth and Planetary Astrophysics, Astrophysics - Solar and Stellar Astrophysics},
         year = 2015,
        month = jun,
       volume = {805},
       number = {2},
          eid = {L22},
        pages = {L22},
          doi = {10.1088/2041-8205/805/2/L22},
archivePrefix = {arXiv},
       eprint = {1505.02778},
 primaryClass = {astro-ph.EP},
       adsurl = {https://ui.adsabs.harvard.edu/abs/2015ApJ...805L..22R},
      adsnote = {Provided by the SAO/NASA Astrophysics Data System}
}

@ARTICLE{1970Linsky,
       author = {{Linsky}, Jeffrey L. and {Avrett}, Eugene H.},
        title = "{The Solar H and K Lines}",
      journal = {\pasp},
         year = 1970,
        month = apr,
       volume = {82},
       number = {485},
        pages = {169},
          doi = {10.1086/128904},
       adsurl = {https://ui.adsabs.harvard.edu/abs/1970PASP...82..169L},
      adsnote = {Provided by the SAO/NASA Astrophysics Data System}
}

@ARTICLE{1982Middelkoop,
       author = {{Middelkoop}, F.},
        title = "{Magnetic structure in cool stars. IV - Rotation and CA II H and K emission of main-sequence stars}",
      journal = {\aap},
     keywords = {Binary Stars, Cool Stars, H Lines, K Lines, Late Stars, Magnetic Stars, Main Sequence Stars, Stellar Rotation, Stellar Structure, Angular Velocity, Calcium, Chromosphere, Line Spectra, Spectrum Analysis, Stellar Spectra, Stellar Temperature, Astrophysics},
         year = 1982,
        month = mar,
       volume = {107},
       number = {1},
        pages = {31-35},
       adsurl = {https://ui.adsabs.harvard.edu/abs/1982A&A...107...31M},
      adsnote = {Provided by the SAO/NASA Astrophysics Data System}
}

@ARTICLE{1984Noyes,
       author = {{Noyes}, R.~W. and {Hartmann}, L.~W. and {Baliunas}, S.~L. and
         {Duncan}, D.~K. and {Vaughan}, A.~H.},
        title = "{Rotation, convection, and magnetic activity in lower main-sequence stars.}",
      journal = {\apj},
     keywords = {Magnetic Stars, Main Sequence Stars, Stellar Activity, Stellar Magnetic Fields, Stellar Rotation, Chromosphere, Convection, Late Stars, Magnetoactivity, Astrophysics},
         year = 1984,
        month = apr,
       volume = {279},
        pages = {763-777},
          doi = {10.1086/161945},
       adsurl = {https://ui.adsabs.harvard.edu/abs/1984ApJ...279..763N},
      adsnote = {Provided by the SAO/NASA Astrophysics Data System}
}

@ARTICLE{1987Vogt,
       author = {{Vogt}, Steven S. and {Penrod}, G. Donald and {Hatzes}, Artie P.},
        title = "{Doppler Images of Rotating Stars Using Maximum Entropy Image Reconstruction}",
      journal = {\apj},
     keywords = {Doppler Effect, Image Reconstruction, Maximum Entropy Method, Peculiar Stars, Stellar Rotation, Stellar Spectra, Computational Grids, Iterative Solution, Line Spectra, Signal To Noise Ratios, Spatial Resolution, Spectral Resolution, Starspots, Astronomy, LINE PROFILES, STARS: PECULIAR A, STARS: ROTATION},
         year = 1987,
        month = oct,
       volume = {321},
        pages = {496},
          doi = {10.1086/165647},
       adsurl = {https://ui.adsabs.harvard.edu/abs/1987ApJ...321..496V},
      adsnote = {Provided by the SAO/NASA Astrophysics Data System}
}

@INPROCEEDINGS{1995Ebbets,
       author = {{Ebbets}, D.},
        title = "{Equivalent Width Uncertainties in GHRS and STIS Spectra}",
    booktitle = {Calibrating Hubble Space Telescope.  Post Servicing Mission},
         year = 1995,
       editor = {{Koratkar}, Anuradha P. and {Leitherer}, Claus},
        month = jan,
        pages = {207},
       adsurl = {https://ui.adsabs.harvard.edu/abs/1995chst.conf..207E},
      adsnote = {Provided by the SAO/NASA Astrophysics Data System}
}

@ARTICLE{2017Kos,
       author = {{Kos}, Janez and {Lin}, Jane and {Zwitter}, Toma{\v{z}} and
         {{\v{Z}}erjal}, Maru{\v{s}}ka and {Sharma}, Sanjib and {Bland
        -Hawthorn}, Joss and {Asplund}, Martin and {Casey}, Andrew R. and
         {De Silva}, Gayandhi M. and {Freeman}, Ken C. and {Martell}, Sarah L. and
         {Simpson}, Jeffrey D. and {Schlesinger}, Katharine J. and
         {Zucker}, Daniel and {Anguiano}, Borja and {Bacigalupo}, Carlos and
         {Bedding}, Timothy R. and {Betters}, Christopher and {Da Costa}, Gary and
         {Duong}, Ly and {Hyde}, Elaina and {Ireland}, Michael and
         {Kafle}, Prajwal R. and {Leon-Saval}, Sergio and {Lewis}, Geraint F. and
         {Munari}, Ulisse and {Nataf}, David and {Stello}, Dennis and
         {Tinney}, C.~G. and {Traven}, Gregor and {Watson}, Fred and
         {Wittenmyer}, Robert A.},
        title = "{The GALAH survey: the data reduction pipeline}",
      journal = {\mnras},
     keywords = {atmospheric effects, instrumentation: spectrographs, methods: observational, techniques: spectroscopic, surveys, stars: atmospheres, Astrophysics - Instrumentation and Methods for Astrophysics},
         year = 2017,
        month = jan,
       volume = {464},
       number = {2},
        pages = {1259-1281},
          doi = {10.1093/mnras/stw2064},
archivePrefix = {arXiv},
       eprint = {1608.04391},
 primaryClass = {astro-ph.IM},
       adsurl = {https://ui.adsabs.harvard.edu/abs/2017MNRAS.464.1259K},
      adsnote = {Provided by the SAO/NASA Astrophysics Data System}
}

@ARTICLE{1996Valenti,
       author = {{Valenti}, J.~A. and {Piskunov}, N.},
        title = "{Spectroscopy made easy: A new tool for fitting observations with synthetic spectra.}",
      journal = {\aaps},
     keywords = {RADIATIVE TRANSFER, METHODS: NUMERICAL, TECHNIQUES: SPECTROSCOPIC, STARS: FUNDAMENTAL PARAMETERS, SUN: FUNDAMENTAL PARAMETERS, ATOMIC DATA},
         year = 1996,
        month = sep,
       volume = {118},
        pages = {595-603},
       adsurl = {https://ui.adsabs.harvard.edu/abs/1996A&AS..118..595V},
      adsnote = {Provided by the SAO/NASA Astrophysics Data System}
}

@ARTICLE{2010Koch,
       author = {{Koch}, David G. and {Borucki}, William J. and {Basri}, Gibor and
         {Batalha}, Natalie M. and {Brown}, Timothy M. and {Caldwell}, Douglas and
         {Christensen-Dalsgaard}, J{\o}rgen and {Cochran}, William D. and
         {DeVore}, Edna and {Dunham}, Edward W. and {Gautier}, Thomas N., III and
         {Geary}, John C. and {Gilliland}, Ronald L. and {Gould}, Alan and
         {Jenkins}, Jon and {Kondo}, Yoji and {Latham}, David W. and
         {Lissauer}, Jack J. and {Marcy}, Geoffrey and {Monet}, David and
         {Sasselov}, Dimitar and {Boss}, Alan and {Brownlee}, Donald and
         {Caldwell}, John and {Dupree}, Andrea K. and {Howell}, Steve B. and
         {Kjeldsen}, Hans and {Meibom}, S{\o}ren and {Morrison}, David and
         {Owen}, Tobias and {Reitsema}, Harold and {Tarter}, Jill and
         {Bryson}, Stephen T. and {Dotson}, Jessie L. and {Gazis}, Paul and
         {Haas}, Michael R. and {Kolodziejczak}, Jeffrey and {Rowe}, Jason F. and
         {Van Cleve}, Jeffrey E. and {Allen}, Christopher and {Chand
        rasekaran}, Hema and {Clarke}, Bruce D. and {Li}, Jie and
         {Quintana}, Elisa V. and {Tenenbaum}, Peter and {Twicken}, Joseph D. and
         {Wu}, Hayley},
        title = "{Kepler Mission Design, Realized Photometric Performance, and Early Science}",
      journal = {\apjl},
     keywords = {instrumentation: photometers, planetary systems, space vehicles: instruments, stars: statistics, stars: variables: general, techniques: photometric, Astrophysics - Earth and Planetary Astrophysics, Astrophysics - Instrumentation and Methods for Astrophysics},
         year = 2010,
        month = apr,
       volume = {713},
       number = {2},
        pages = {L79-L86},
          doi = {10.1088/2041-8205/713/2/L79},
archivePrefix = {arXiv},
       eprint = {1001.0268},
 primaryClass = {astro-ph.EP},
       adsurl = {https://ui.adsabs.harvard.edu/abs/2010ApJ...713L..79K},
      adsnote = {Provided by the SAO/NASA Astrophysics Data System}
}

@ARTICLE{2013Pepe,
       author = {{Pepe}, F. and {Cristiani}, S. and {Rebolo}, R. and {Santos}, N.~C. and
         {Dekker}, H. and {M{\'e}gevand}, D. and {Zerbi}, F.~M. and
         {Cabral}, A. and {Molaro}, P. and {Di Marcantonio}, P. and {Abreu}, M. and
         {Affolter}, M. and {Aliverti}, M. and {Allende Prieto}, C. and
         {Amate}, M. and {Avila}, G. and {Baldini}, V. and {Bristow}, P. and
         {Broeg}, C. and {Cirami}, R. and {Coelho}, J. and {Conconi}, P. and
         {Coretti}, I. and {Cupani}, G. and {D'Odorico}, V. and {De Caprio}, V. and
         {Delabre}, B. and {Dorn}, R. and {Figueira}, P. and {Fragoso}, A. and
         {Galeotta}, S. and {Genolet}, L. and {Gomes}, R. and
         {Gonz{\'a}lez Hern{\'a}ndez}, J.~I. and {Hughes}, I. and {Iwert}, O. and
         {Kerber}, F. and {Landoni}, M. and {Lizon}, J. -L. and {Lovis}, C. and
         {Maire}, C. and {Mannetta}, M. and {Martins}, C. and {Monteiro}, M.~A. and
         {Oliveira}, A. and {Poretti}, E. and {Rasilla}, J.~L. and {Riva}, M. and
         {Santana Tschudi}, S. and {Santos}, P. and {Sosnowska}, D. and
         {Sousa}, S. and {Span{\`o}}, P. and {Tenegi}, F. and {Toso}, G. and
         {Vanzella}, E. and {Viel}, M. and {Zapatero Osorio}, M.~R.},
        title = "{ESPRESSO {\textemdash} An Echelle SPectrograph for Rocky Exoplanets Search and Stable Spectroscopic Observations}",
      journal = {The Messenger},
         year = 2013,
        month = sep,
       volume = {153},
        pages = {6-16},
       adsurl = {https://ui.adsabs.harvard.edu/abs/2013Msngr.153....6P},
      adsnote = {Provided by the SAO/NASA Astrophysics Data System}
}

@ARTICLE{2020Suarez,
       author = {{Su{\'a}rez Mascare{\~n}o}, A. and {Faria}, J.~P. and {Figueira}, P. and
         {Lovis}, C. and {Damasso}, M. and {Gonz{\'a}lez Hern{\'a}ndez}, J.~I. and
         {Rebolo}, R. and {Cristiani}, S. and {Pepe}, F. and {Santos}, N.~C. and
         {Zapatero Osorio}, M.~R. and {Adibekyan}, V. and {Hojjatpanah}, S. and
         {Sozzetti}, A. and {Murgas}, F. and {Abreu}, M. and {Affolter}, M. and
         {Alibert}, Y. and {Aliverti}, M. and {Allart}, R. and
         {Allende Prieto}, C. and {Alves}, D. and {Amate}, M. and {Avila}, G. and
         {Baldini}, V. and {Bandi}, T. and {Barros}, S.~C.~C. and {Bianco}, A. and
         {Benz}, W. and {Bouchy}, F. and {Broeng}, C. and {Cabral}, A. and
         {Calderone}, G. and {Cirami}, R. and {Coelho}, J. and {Conconi}, P. and
         {Coretti}, I. and {Cumani}, C. and {Cupani}, G. and {D'Odorico}, V. and
         {Deiries}, S. and {Delabre}, B. and {Di Marcantonio}, P. and
         {Dumusque}, X. and {Ehrenreich}, D. and {Fragoso}, A. and
         {Genolet}, L. and {Genoni}, M. and {G{\'e}nova Santos}, R. and
         {Hughes}, I. and {Iwert}, O. and {Kerber}, F. and {Knusdstrup}, J. and
         {Landoni}, M. and {Lavie}, B. and {Lillo-Box}, J. and {Lizon}, J. and
         {Lo Curto}, G. and {Maire}, C. and {Manescau}, A. and
         {Martins}, C.~J.~A.~P. and {M{\'e}gevand}, D. and {Mehner}, A. and
         {Micela}, G. and {Modigliani}, A. and {Molaro}, P. and
         {Monteiro}, M.~A. and {Monteiro}, M.~J.~P.~F.~G. and {Moschetti}, M. and
         {Mueller}, E. and {Nunes}, N.~J. and {Oggioni}, L. and {Oliveira}, A. and
         {Pall{\'e}}, E. and {Pariani}, G. and {Pasquini}, L. and {Poretti}, E. and
         {Rasilla}, J.~L. and {Redaelli}, E. and {Riva}, M. and
         {Santana Tschudi}, S. and {Santin}, P. and {Santos}, P. and
         {Segovia}, A. and {Sosnowska}, D. and {Sousa}, S. and {Span{\`o}}, P. and
         {Tenegi}, F. and {Udry}, S. and {Zanutta}, A. and {Zerbi}, F.},
        title = "{Revisiting Proxima with ESPRESSO}",
      journal = {\aap},
     keywords = {techniques: radial velocities, planets and satellites: terrestrial planets, stars: activity, stars: low-mass, stars: individual: Proxima, Astrophysics - Earth and Planetary Astrophysics, Astrophysics - Instrumentation and Methods for Astrophysics, Astrophysics - Solar and Stellar Astrophysics},
         year = 2020,
        month = jul,
       volume = {639},
          eid = {A77},
        pages = {A77},
          doi = {10.1051/0004-6361/202037745},
archivePrefix = {arXiv},
       eprint = {2005.12114},
 primaryClass = {astro-ph.EP},
       adsurl = {https://ui.adsabs.harvard.edu/abs/2020A&A...639A..77S},
      adsnote = {Provided by the SAO/NASA Astrophysics Data System}
}

@ARTICLE{2016AngladaEscude,
       author = {{Anglada-Escud{\'e}}, Guillem and {Amado}, Pedro J. and {Barnes}, John and
         {Berdi{\~n}as}, Zaira M. and {Butler}, R. Paul and
         {Coleman}, Gavin A.~L. and {de La Cueva}, Ignacio and
         {Dreizler}, Stefan and {Endl}, Michael and {Giesers}, Benjamin and
         {Jeffers}, Sandra V. and {Jenkins}, James S. and {Jones}, Hugh R.~A. and
         {Kiraga}, Marcin and {K{\"u}rster}, Martin and
         {L{\'o}pez-Gonz{\'a}lez}, Mar{\'\i}a J. and {Marvin}, Christopher J. and
         {Morales}, Nicol{\'a}s and {Morin}, Julien and {Nelson}, Richard P. and
         {Ortiz}, Jos{\'e} L. and {Ofir}, Aviv and {Paardekooper}, Sijme-Jan and
         {Reiners}, Ansgar and {Rodr{\'\i}guez}, Eloy and
         {Rodr{\'\i}guez-L{\'o}pez}, Cristina and {Sarmiento}, Luis F. and
         {Strachan}, John P. and {Tsapras}, Yiannis and {Tuomi}, Mikko and
         {Zechmeister}, Mathias},
        title = "{A terrestrial planet candidate in a temperate orbit around Proxima Centauri}",
      journal = {\nat},
     keywords = {Astrophysics - Earth and Planetary Astrophysics},
         year = 2016,
        month = aug,
       volume = {536},
       number = {7617},
        pages = {437-440},
          doi = {10.1038/nature19106},
archivePrefix = {arXiv},
       eprint = {1609.03449},
 primaryClass = {astro-ph.EP},
       adsurl = {https://ui.adsabs.harvard.edu/abs/2016Natur.536..437A},
      adsnote = {Provided by the SAO/NASA Astrophysics Data System}
}

@INPROCEEDINGS{2000Dekker,
       author = {{Dekker}, Hans and {D'Odorico}, Sandro and {Kaufer}, Andreas and
         {Delabre}, Bernard and {Kotzlowski}, Heinz},
        title = "{Design, construction, and performance of UVES, the echelle spectrograph for the UT2 Kueyen Telescope at the ESO Paranal Observatory}",
    booktitle = {Optical and IR Telescope Instrumentation and Detectors},
         year = 2000,
       editor = {{Iye}, Masanori and {Moorwood}, Alan F.},
       series = {Society of Photo-Optical Instrumentation Engineers (SPIE) Conference Series},
       volume = {4008},
        month = aug,
        pages = {534-545},
          doi = {10.1117/12.395512},
       adsurl = {https://ui.adsabs.harvard.edu/abs/2000SPIE.4008..534D},
      adsnote = {Provided by the SAO/NASA Astrophysics Data System}
}

@ARTICLE{2015Sheinis,
       author = {{Sheinis}, Andrew and {Anguiano}, Borja and {Asplund}, Martin and
         {Bacigalupo}, Carlos and {Barden}, Sam and {Birchall}, Michael and {Bland
        -Hawthorn}, Joss and {Brzeski}, Jurek and {Cannon}, Russell and
         {Carollo}, Daniela and {Case}, Scott and {Casey}, Andrew and
         {Churilov}, Vladimir and {Warrick}, Couch and {Dean}, Robert and
         {De Silva}, Gayandhi and {D'Orazi}, Valentina and {Duong}, Ly and
         {Farrell}, Tony and {Fiegert}, Kristin and {Freeman}, Kenneth and
         {Gabriella}, Frost and {Gers}, Luke and {Goodwin}, Michael and
         {Gray}, Doug and {Green}, Andrew and {Heald}, Ron and
         {Heijmans}, Jeroen and {Ireland}, Michael and {Jones}, Damien and
         {Kafle}, Prajwal and {Keller}, Stefan and {Klauser}, Urs and
         {Kondrat}, Yuriy and {Kos}, Janez and {Lawrence}, Jon and {Lee}, Steve and
         {Mali}, Slavko and {Martell}, Sarah and {Mathews}, Darren and
         {Mayfield}, Don and {Miziarski}, Stan and {Muller}, Rolf and
         {Pai}, Naveen and {Patterson}, Robert and {Penny}, Ed and {Orr}, David and
         {Schlesinger}, Katharine and {Sharma}, Sanjib and {Shortridge}, Keith and
         {Simpson}, Jeffrey and {Smedley}, Scott and {Smith}, Greg and
         {Stafford}, Darren and {Staszak}, Nicholas and {Vuong}, Minh and
         {Waller}, Lewis and {de Boer}, Elizabeth Wylie and {Xavier}, Pascal and
         {Zheng}, Jessica and {Zhelem}, Ross and {Zucker}, Daniel and
         {Zwitter}, Tomaz},
        title = "{First light results from the High Efficiency and Resolution Multi-Element Spectrograph at the Anglo-Australian Telescope}",
      journal = {Journal of Astronomical Telescopes, Instruments, and Systems},
         year = 2015,
        month = jul,
       volume = {1},
          eid = {035002},
        pages = {035002},
          doi = {10.1117/1.JATIS.1.3.035002},
       adsurl = {https://ui.adsabs.harvard.edu/abs/2015JATIS...1c5002S},
      adsnote = {Provided by the SAO/NASA Astrophysics Data System}
}

@ARTICLE{2007Melo,
       author = {{Melo}, C. and {Santos}, N.~C. and {Gieren}, W. and {Pietrzynski}, G. and
         {Ruiz}, M.~T. and {Sousa}, S.~G. and {Bouchy}, F. and {Lovis}, C. and
         {Mayor}, M. and {Pepe}, F. and {Queloz}, D. and {da Silva}, R. and
         {Udry}, S.},
        title = "{A new Neptune-mass planet orbiting HD 219828}",
      journal = {\aap},
     keywords = {stars: individual: HD 219828, stars: planetary systems, planetary systems: formation, techniques: radial velocities, Astrophysics},
         year = 2007,
        month = may,
       volume = {467},
       number = {2},
        pages = {721-727},
          doi = {10.1051/0004-6361:20066845},
archivePrefix = {arXiv},
       eprint = {astro-ph/0702459},
 primaryClass = {astro-ph},
       adsurl = {https://ui.adsabs.harvard.edu/abs/2007A&A...467..721M},
      adsnote = {Provided by the SAO/NASA Astrophysics Data System}
}

@ARTICLE{1962Leighton,
       author = {{Leighton}, Robert B. and {Noyes}, Robert W. and {Simon}, George W.},
        title = "{Velocity Fields in the Solar Atmosphere. I. Preliminary Report.}",
      journal = {\apj},
         year = 1962,
        month = mar,
       volume = {135},
        pages = {474},
          doi = {10.1086/147285},
       adsurl = {https://ui.adsabs.harvard.edu/abs/1962ApJ...135..474L},
      adsnote = {Provided by the SAO/NASA Astrophysics Data System}
}

@ARTICLE{1978Hiryama,
       author = {{Hirayama}, T.},
        title = "{A Model of Solar Faculae and Their Lifetime}",
      journal = {\pasj},
         year = 1978,
        month = jan,
       volume = {30},
        pages = {337-352},
       adsurl = {https://ui.adsabs.harvard.edu/abs/1978PASJ...30..337H},
      adsnote = {Provided by the SAO/NASA Astrophysics Data System}
}

@PHDTHESIS{2015Haywood,
       author = {{Haywood}, Rapha{\"e}lle Dawn},
        title = "{Hide and Seek: Radial-Velocity Searches for Planets around Active Stars}",
     keywords = {Exoplanet detection, Stellar activity of Sun-like stars, Sunspots, faculae/plage, Super-Earths, Exoplanet characterisation, Radial-velocity technique},
       school = {University of St Andrews},
         year = 2015,
        month = nov,
       adsurl = {https://ui.adsabs.harvard.edu/abs/2015PhDT.......193H},
      adsnote = {Provided by the SAO/NASA Astrophysics Data System}
}

@ARTICLE{1981Kovalevsky,
       author = {{Kovalevsky}, J. and {Pacault}, R.},
        title = "{Hipparcos, the European Space Agency's astrometric satellite.}",
      journal = {L'Aeronautique et L'Astronautique},
     keywords = {Astrometry, Esa Satellites, European Space Programs, Spaceborne Astronomy, Ariane Launch Vehicle, Cassegrain Optics, Computerized Simulation, Earth Motion, Stellar Motions, Stellar Parallax, Launch Vehicles and Space Vehicles, Space Astrometry},
         year = 1981,
        month = jan,
       volume = {89},
        pages = {21-26},
       adsurl = {https://ui.adsabs.harvard.edu/abs/1981AerAs..89...21K},
      adsnote = {Provided by the SAO/NASA Astrophysics Data System}
}

@ARTICLE{2020Wittenmyer,
       author = {{Wittenmyer}, Robert A. and {Wang}, Songhu and {Horner}, Jonathan and
         {Butler}, R.~P. and {Tinney}, C.~G. and {Carter}, B.~D. and
         {Wright}, D.~J. and {Jones}, H.~R.~A. and {Bailey}, J. and
         {O'Toole}, S.~J. and {Johns}, Daniel},
        title = "{Cool Jupiters greatly outnumber their toasty siblings: occurrence rates from the Anglo-Australian Planet Search}",
      journal = {\mnras},
     keywords = {techniques: radial velocities, planets and satellites: detection, planets and satellites: gaseous planets, Astrophysics - Earth and Planetary Astrophysics, Astrophysics - Solar and Stellar Astrophysics},
         year = 2020,
        month = feb,
       volume = {492},
       number = {1},
        pages = {377-383},
          doi = {10.1093/mnras/stz3436},
archivePrefix = {arXiv},
       eprint = {1912.01821},
 primaryClass = {astro-ph.EP},
       adsurl = {https://ui.adsabs.harvard.edu/abs/2020MNRAS.492..377W},
      adsnote = {Provided by the SAO/NASA Astrophysics Data System}
}

@ARTICLE{2009Stello,
       author = {{Stello}, Dennis and {Chaplin}, William J. and {Bruntt}, Hans and
         {Creevey}, Orlagh L. and {Garc{\'\i}a-Hern{\'a}ndez}, Antonio and
         {Monteiro}, Mario J.~P.~F.~G. and {Moya}, Andr{\'e}s and
         {Quirion}, Pierre-Olivier and {Sousa}, Sergio G. and
         {Su{\'a}rez}, Juan-Carlos and {Appourchaux}, Thierry and
         {Arentoft}, Torben and {Ballot}, Jerome and {Bedding}, Timothy R. and
         {Christensen-Dalsgaard}, J{\o}rgen and {Elsworth}, Yvonne and
         {Fletcher}, Stephen T. and {Garc{\'\i}a}, Rafael A. and
         {Houdek}, G{\"u}nter and {Jim{\'e}nez-Reyes}, Sebastian J. and
         {Kjeldsen}, Hans and {New}, Roger and {R{\'e}gulo}, Clara and
         {Salabert}, David and {Toutain}, Thierry},
        title = "{Radius Determination of Solar-type Stars Using Asteroseismology: What to Expect from the Kepler Mission}",
      journal = {\apj},
     keywords = {stars: fundamental parameters, stars: interiors, stars: oscillations, Astrophysics - Solar and Stellar Astrophysics},
         year = 2009,
        month = aug,
       volume = {700},
       number = {2},
        pages = {1589-1602},
          doi = {10.1088/0004-637X/700/2/1589},
archivePrefix = {arXiv},
       eprint = {0906.0766},
 primaryClass = {astro-ph.SR},
       adsurl = {https://ui.adsabs.harvard.edu/abs/2009ApJ...700.1589S},
      adsnote = {Provided by the SAO/NASA Astrophysics Data System}
}

@ARTICLE{2006Gimenez,
       author = {{Gim{\'e}nez}, {\`A}lvaro},
        title = "{Analysis of Extra-Solar Planetary Transits Using Tools from Eclipsing Binaries}",
      journal = {\apss},
     keywords = {Photometric light curve, Planetary transits, Extra-solar planets},
         year = 2006,
        month = aug,
       volume = {304},
       number = {1-4},
        pages = {21-24},
          doi = {10.1007/s10509-006-9105-0},
       adsurl = {https://ui.adsabs.harvard.edu/abs/2006Ap&SS.304...21G},
      adsnote = {Provided by the SAO/NASA Astrophysics Data System}
}

@ARTICLE{2011Gilliland,
       author = {{Gilliland}, Ronald L. and {Chaplin}, William J. and
         {Dunham}, Edward W. and {Argabright}, Vic S. and {Borucki}, William J. and
         {Basri}, Gibor and {Bryson}, Stephen T. and {Buzasi}, Derek L. and
         {Caldwell}, Douglas A. and {Elsworth}, Yvonne P. and {Jenkins}, Jon M. and
         {Koch}, David G. and {Kolodziejczak}, Jeffrey and {Miglio}, Andrea and
         {van Cleve}, Jeffrey and {Walkowicz}, Lucianne M. and
         {Welsh}, William F.},
        title = "{Kepler Mission Stellar and Instrument Noise Properties}",
      journal = {\apjs},
     keywords = {methods: observational, stars: activity, stars: late-type, stars: oscillations, stars: statistics, techniques: photometric, Astrophysics - Solar and Stellar Astrophysics},
         year = 2011,
        month = nov,
       volume = {197},
       number = {1},
          eid = {6},
        pages = {6},
          doi = {10.1088/0067-0049/197/1/6},
archivePrefix = {arXiv},
       eprint = {1107.5207},
 primaryClass = {astro-ph.SR},
       adsurl = {https://ui.adsabs.harvard.edu/abs/2011ApJS..197....6G},
      adsnote = {Provided by the SAO/NASA Astrophysics Data System}
}

@ARTICLE{2014Howell,
       author = {{Howell}, Steve B. and {Sobeck}, Charlie and {Haas}, Michael and
         {Still}, Martin and {Barclay}, Thomas and {Mullally}, Fergal and
         {Troeltzsch}, John and {Aigrain}, Suzanne and {Bryson}, Stephen T. and
         {Caldwell}, Doug and {Chaplin}, William J. and {Cochran}, William D. and
         {Huber}, Daniel and {Marcy}, Geoffrey W. and {Miglio}, Andrea and
         {Najita}, Joan R. and {Smith}, Marcie and {Twicken}, J.~D. and
         {Fortney}, Jonathan J.},
        title = "{The K2 Mission: Characterization and Early Results}",
      journal = {\pasp},
     keywords = {Astrophysics - Instrumentation and Methods for Astrophysics, Astrophysics - Earth and Planetary Astrophysics},
         year = 2014,
        month = apr,
       volume = {126},
       number = {938},
        pages = {398},
          doi = {10.1086/676406},
archivePrefix = {arXiv},
       eprint = {1402.5163},
 primaryClass = {astro-ph.IM},
       adsurl = {https://ui.adsabs.harvard.edu/abs/2014PASP..126..398H},
      adsnote = {Provided by the SAO/NASA Astrophysics Data System}
}

@ARTICLE{2013Kipping,
       author = {{Kipping}, D.~M. and {Forgan}, D. and {Hartman}, J. and
         {Nesvorn{\'y}}, D. and {Bakos}, G. {\'A}. and {Schmitt}, A. and
         {Buchhave}, L.},
        title = "{The Hunt for Exomoons with Kepler (HEK). III. The First Search for an Exomoon around a Habitable-zone Planet}",
      journal = {\apj},
     keywords = {planetary systems, stars: individual: Kepler-22 KOI-87 KIC 10593626, techniques: photometric, Astrophysics - Earth and Planetary Astrophysics},
         year = 2013,
        month = nov,
       volume = {777},
       number = {2},
          eid = {134},
        pages = {134},
          doi = {10.1088/0004-637X/777/2/134},
archivePrefix = {arXiv},
       eprint = {1306.1530},
 primaryClass = {astro-ph.EP},
       adsurl = {https://ui.adsabs.harvard.edu/abs/2013ApJ...777..134K},
      adsnote = {Provided by the SAO/NASA Astrophysics Data System}
}

@INPROCEEDINGS{2019Brown,
       author = {{Brown}, Anthony G.~A.},
        title = "{The Future of the Gaia Universe}",
     keywords = {Gaia, Gaia EDR3, Gaia DR3, Zenodo community eslab53},
    booktitle = {The Gaia Universe},
         year = 2019,
        month = apr,
          eid = {18},
        pages = {18},
          doi = {10.5281/zenodo.2637972},
       adsurl = {https://ui.adsabs.harvard.edu/abs/2019gaia.confE..18B},
      adsnote = {Provided by the SAO/NASA Astrophysics Data System}
}

@BOOK{2006Carroll,
       author = {{Carroll}, Bradley W. and {Ostlie}, Dale A.},
        title = "{An introduction to modern astrophysics and cosmology}",
         year = 2006,
       adsurl = {https://ui.adsabs.harvard.edu/abs/2006ima..book.....C},
      adsnote = {Provided by the SAO/NASA Astrophysics Data System}
}

@ARTICLE{2008Hall,
       author = {{Hall}, Jeffrey C.},
        title = "{Stellar Chromospheric Activity}",
      journal = {Living Reviews in Solar Physics},
     keywords = {Sun, Stars: chromospheres, Total Solar Irradiance, Maunder Minimum, Chromospheric Activity, National Solar Observatory, Mount Wilson Observatory},
         year = 2008,
        month = dec,
       volume = {5},
       number = {1},
          eid = {2},
        pages = {2},
          doi = {10.12942/lrsp-2008-2},
       adsurl = {https://ui.adsabs.harvard.edu/abs/2008LRSP....5....2H},
      adsnote = {Provided by the SAO/NASA Astrophysics Data System}
}

@INPROCEEDINGS{2003Avrett,
       author = {{Avrett}, E.~H.},
        title = "{The Solar Temperature Minimum and Chromosphere}",
    booktitle = {Current Theoretical Models and Future High Resolution Solar Observations: Preparing for ATST},
         year = 2003,
       editor = {{Pevtsov}, Alexei A. and {Uitenbroek}, Han},
       series = {Astronomical Society of the Pacific Conference Series},
       volume = {286},
        month = jan,
        pages = {419},
       adsurl = {https://ui.adsabs.harvard.edu/abs/2003ASPC..286..419A},
      adsnote = {Provided by the SAO/NASA Astrophysics Data System}
}

@ARTICLE{1961Babcock,
       author = {{Babcock}, H.~W.},
        title = "{The Topology of the Sun's Magnetic Field and the 22-YEAR Cycle.}",
      journal = {\apj},
         year = 1961,
        month = mar,
       volume = {133},
        pages = {572},
          doi = {10.1086/147060},
       adsurl = {https://ui.adsabs.harvard.edu/abs/1961ApJ...133..572B},
      adsnote = {Provided by the SAO/NASA Astrophysics Data System}
}

@ARTICLE{2014Anglada-Escude,
       author = {{Anglada-Escude}, G. and {Arriagada}, P. and {Tuomi}, M. and
         {Zechmeister}, M. and {Jenkins}, J.~S. and {Ofir}, A. and
         {Dreizler}, S. and {Gerlach}, E. and {Marvin}, C.~J. and {Reiners}, A. and
         {Jeffers}, S.~V. and {Butler}, R.~P. and {Vogt}, S.~S. and
         {Amado}, P.~J. and {Rodriguez-Lopez}, C. and {Berdinas}, Z.~M. and
         {Morin}, J. and {Crane}, J.~D. and {Shectman}, S.~A. and
         {Thompson}, I.~B. and {Diaz}, M. and {Rivera}, E. and
         {Sarmiento}, L.~F. and {Jones}, H.~R.~A.},
        title = "{Two planets around Kapteyn's star: a cold and a temperate super-Earth orbiting the nearest halo red dwarf.}",
      journal = {\mnras},
     keywords = {techniques: radial velocities, stars: individual: Kapteyn's star, planetary systems, Astrophysics - Earth and Planetary Astrophysics, Astrophysics - Astrophysics of Galaxies, Astrophysics - Instrumentation and Methods for Astrophysics},
         year = 2014,
        month = sep,
       volume = {443},
        pages = {L89-L93},
          doi = {10.1093/mnrasl/slu076},
archivePrefix = {arXiv},
       eprint = {1406.0818},
 primaryClass = {astro-ph.EP},
       adsurl = {https://ui.adsabs.harvard.edu/abs/2014MNRAS.443L..89A},
      adsnote = {Provided by the SAO/NASA Astrophysics Data System}
}

@ARTICLE{1976Spruit,
       author = {{Spruit}, H.~C.},
        title = "{Pressure equilibrium and energy balance of small photospheric fluxtubes.}",
      journal = {\solphys},
     keywords = {Energy Transfer, Gas Pressure, Magnetostatic Fields, Photosphere, Solar Magnetic Field, Convective Heat Transfer, Equilibrium, Heat Balance, Heat Flux, Magnetic Field Configurations, Magnetic Flux, Radiative Heat Transfer, Sunspots, Temperature Distribution, Solar Physics},
         year = 1976,
        month = dec,
       volume = {50},
       number = {2},
        pages = {269-295},
          doi = {10.1007/BF00155292},
       adsurl = {https://ui.adsabs.harvard.edu/abs/1976SoPh...50..269S},
      adsnote = {Provided by the SAO/NASA Astrophysics Data System}
}

@ARTICLE{2004Keller,
       author = {{Keller}, C.~U. and {Sch{\"u}ssler}, M. and {V{\"o}gler}, A. and
         {Zakharov}, V.},
        title = "{On the Origin of Solar Faculae}",
      journal = {\apjl},
     keywords = {Methods: Numerical, Magnetohydrodynamics: MHD, Sun: Faculae, Plages, Sun: Magnetic Fields, Sun: Photosphere},
         year = 2004,
        month = may,
       volume = {607},
       number = {1},
        pages = {L59-L62},
          doi = {10.1086/421553},
       adsurl = {https://ui.adsabs.harvard.edu/abs/2004ApJ...607L..59K},
      adsnote = {Provided by the SAO/NASA Astrophysics Data System}
}

@ARTICLE{1998Saar,
       author = {{Saar}, Steven H. and {Butler}, R. Paul and {Marcy}, Geoffrey W.},
        title = "{Magnetic Activity-related Radial Velocity Variations in Cool Stars: First Results from the Lick Extrasolar Planet Survey}",
      journal = {\apjl},
     keywords = {STARS: PLANETARY SYSTEMS, STARS: ACTIVITY, CONVECTION, STARS: SPOTS, STARS: LATE-TYPE, TECHNIQUES: RADIAL VELOCITIES, Convection, Stars: Activity, Stars: Late-Type, Stars: Planetary Systems, Stars: Spots, Techniques: Radial Velocities},
         year = 1998,
        month = may,
       volume = {498},
       number = {2},
        pages = {L153-L157},
          doi = {10.1086/311325},
       adsurl = {https://ui.adsabs.harvard.edu/abs/1998ApJ...498L.153S},
      adsnote = {Provided by the SAO/NASA Astrophysics Data System}
}

@INPROCEEDINGS{2009Saar,
       author = {{Saar}, Steven H.},
        title = "{The Radial Velocity Effects of Stellar Surface Phenomena}",
     keywords = {97.10.Sj, 98.38.Ly, 97.10.Bt, Pulsations oscillations and stellar seismology, Planetary nebulae, Star formation, stellar spectra, planetary atmospheres, star formation},
    booktitle = {15th Cambridge Workshop on Cool Stars, Stellar Systems, and the Sun},
         year = 2009,
       editor = {{Stempels}, Eric},
       series = {American Institute of Physics Conference Series},
       volume = {1094},
        month = feb,
        pages = {152-161},
          doi = {10.1063/1.3099086},
       adsurl = {https://ui.adsabs.harvard.edu/abs/2009AIPC.1094..152S},
      adsnote = {Provided by the SAO/NASA Astrophysics Data System}
}

@ARTICLE{2011Pepe,
       author = {{Pepe}, F. and {Lovis}, C. and {S{\'e}gransan}, D. and {Benz}, W. and
         {Bouchy}, F. and {Dumusque}, X. and {Mayor}, M. and {Queloz}, D. and
         {Santos}, N.~C. and {Udry}, S.},
        title = "{The HARPS search for Earth-like planets in the habitable zone. I. Very low-mass planets around <ASTROBJ>HD 20794</ASTROBJ>, <ASTROBJ>HD 85512</ASTROBJ>, and <ASTROBJ>HD 192310</ASTROBJ>}",
      journal = {\aap},
     keywords = {planetary systems, instrumentation: spectrographs, techniques: radial velocities, stars: individual: HD 20794, stars: individual: HD 85512, stars: individual: HD 192310, Astrophysics - Earth and Planetary Astrophysics},
         year = 2011,
        month = oct,
       volume = {534},
          eid = {A58},
        pages = {A58},
          doi = {10.1051/0004-6361/201117055},
archivePrefix = {arXiv},
       eprint = {1108.3447},
 primaryClass = {astro-ph.EP},
       adsurl = {https://ui.adsabs.harvard.edu/abs/2011A&A...534A..58P},
      adsnote = {Provided by the SAO/NASA Astrophysics Data System}
}

@ARTICLE{1976Lomb,
       author = {{Lomb}, N.~R.},
        title = "{Least-Squares Frequency Analysis of Unequally Spaced Data}",
      journal = {\apss},
     keywords = {Astronomy, Data Reduction, Least Squares Method, Background Noise, Power Spectra, Sine Waves, Spectrum Analysis, Statistical Analysis, Variable Stars, Astronomy},
         year = 1976,
        month = feb,
       volume = {39},
       number = {2},
        pages = {447-462},
          doi = {10.1007/BF00648343},
       adsurl = {https://ui.adsabs.harvard.edu/abs/1976Ap&SS..39..447L},
      adsnote = {Provided by the SAO/NASA Astrophysics Data System}
}

@ARTICLE{1982Scargle,
       author = {{Scargle}, J.~D.},
        title = "{Studies in astronomical time series analysis. II. Statistical aspects of spectral analysis of unevenly spaced data.}",
      journal = {\apj},
     keywords = {Astronomy, Signal Detection, Spectrum Analysis, Statistical Distributions, Time Series Analysis, Fourier Transformation, Frequency Response, Power Spectra, Signal To Noise Ratios, Astronomy},
         year = 1982,
        month = dec,
       volume = {263},
        pages = {835-853},
          doi = {10.1086/160554},
       adsurl = {https://ui.adsabs.harvard.edu/abs/1982ApJ...263..835S},
      adsnote = {Provided by the SAO/NASA Astrophysics Data System}
}

@BOOK{1998Zeilik,
       author = {{Zeilik}, Michael and {Gregory}, Stephen},
        title = "{Introductory Astronomy and Astrophysics}",
         year = 1998,
       adsurl = {https://ui.adsabs.harvard.edu/abs/1998iaa..book.....Z},
      adsnote = {Provided by the SAO/NASA Astrophysics Data System}
}

@ARTICLE{2020Morris,
       author = {{Morris}, Brett M. and {Hoeijmakers}, H. Jens and {Kitzmann}, Daniel and
         {Demory}, Brice-Olivier},
        title = "{Hunt for Starspots in HARPS Spectra of G and K Stars}",
      journal = {\aj},
     keywords = {Stellar activity, High resolution spectroscopy, Starspots, Stellar magnetic fields, 2096, 1610, 1580, 1572, Astrophysics - Solar and Stellar Astrophysics, Astrophysics - Earth and Planetary Astrophysics},
         year = 2020,
        month = jul,
       volume = {160},
       number = {1},
          eid = {5},
        pages = {5},
          doi = {10.3847/1538-3881/ab9365},
archivePrefix = {arXiv},
       eprint = {2005.06749},
 primaryClass = {astro-ph.SR},
       adsurl = {https://ui.adsabs.harvard.edu/abs/2020AJ....160....5M},
      adsnote = {Provided by the SAO/NASA Astrophysics Data System}
}

@ARTICLE{1981Dravins,
       author = {{Dravins}, D. and {Lindegren}, L. and {Nordlund}, A.},
        title = "{Solar granulation - Influence of convection on spectral line asymmetries and wavelength shifts}",
      journal = {\aap},
     keywords = {Convective Flow, Frequency Shift, Line Shape, Photosphere, Solar Granulation, Solar Spectra, Abundance, Asymmetry, Iron, Light Scattering, Solar Atmosphere, Spectral Line Width, Sunlight, Solar Physics},
         year = 1981,
        month = mar,
       volume = {96},
       number = {1-2},
        pages = {345-364},
       adsurl = {https://ui.adsabs.harvard.edu/abs/1981A&A....96..345D},
      adsnote = {Provided by the SAO/NASA Astrophysics Data System}
}

@ARTICLE{2003Lindegren,
       author = {{Lindegren}, Lennart and {Dravins}, Dainis},
        title = "{The fundamental definition of ``radial velocity''}",
      journal = {\aap},
     keywords = {techniques: radial velocities, techniques: spectroscopic, astrometry, reference systems, stars: kinematics, methods: data analysis, Astrophysics},
         year = 2003,
        month = apr,
       volume = {401},
        pages = {1185-1201},
          doi = {10.1051/0004-6361:20030181},
archivePrefix = {arXiv},
       eprint = {astro-ph/0302522},
 primaryClass = {astro-ph},
       adsurl = {https://ui.adsabs.harvard.edu/abs/2003A&A...401.1185L},
      adsnote = {Provided by the SAO/NASA Astrophysics Data System}
}

@ARTICLE{2011Dumusque-B,
       author = {{Dumusque}, X. and {Udry}, S. and {Lovis}, C. and {Santos}, N.~C. and
         {Monteiro}, M.~J.~P.~F.~G.},
        title = "{Planetary detection limits taking into account stellar noise. I. Observational strategies to reduce stellar oscillation and granulation effects}",
      journal = {\aap},
     keywords = {planetary systems, stars: oscillations, techniques: radial velocities, Astrophysics - Earth and Planetary Astrophysics},
         year = 2011,
        month = jan,
       volume = {525},
          eid = {A140},
        pages = {A140},
          doi = {10.1051/0004-6361/201014097},
archivePrefix = {arXiv},
       eprint = {1010.2616},
 primaryClass = {astro-ph.EP},
       adsurl = {https://ui.adsabs.harvard.edu/abs/2011A&A...525A.140D},
      adsnote = {Provided by the SAO/NASA Astrophysics Data System}
}

@ARTICLE{2008Otoole,
       author = {{O'Toole}, S.~J. and {Tinney}, C.~G. and {Jones}, H.~R.~A.},
        title = "{The impact of stellar oscillations on doppler velocity planet searches}",
      journal = {\mnras},
     keywords = {star: oscillations, planetary systems, Astrophysics},
         year = 2008,
        month = may,
       volume = {386},
       number = {1},
        pages = {516-520},
          doi = {10.1111/j.1365-2966.2008.13061.x},
archivePrefix = {arXiv},
       eprint = {0706.3548},
 primaryClass = {astro-ph},
       adsurl = {https://ui.adsabs.harvard.edu/abs/2008MNRAS.386..516O},
      adsnote = {Provided by the SAO/NASA Astrophysics Data System}
}

@ARTICLE{2009Makarov,
       author = {{Makarov}, V.~V. and {Beichman}, C.~A. and {Catanzarite}, J.~H. and
         {Fischer}, D.~A. and {Lebreton}, J. and {Malbet}, F. and {Shao}, M.},
        title = "{Starspot Jitter in Photometry, Astrometry, and Radial Velocity Measurements}",
      journal = {\apjl},
     keywords = {planetary systems, stars: individual: HD 166435 {\ensuremath{\kappa}}1 Ceti, stars: spots, techniques: interferometric, techniques: photometric, techniques: radial velocities, Astrophysics - Solar and Stellar Astrophysics},
         year = 2009,
        month = dec,
       volume = {707},
       number = {1},
        pages = {L73-L76},
          doi = {10.1088/0004-637X/707/1/L73},
archivePrefix = {arXiv},
       eprint = {0911.2008},
 primaryClass = {astro-ph.SR},
       adsurl = {https://ui.adsabs.harvard.edu/abs/2009ApJ...707L..73M},
      adsnote = {Provided by the SAO/NASA Astrophysics Data System}
}

@ARTICLE{2010Meunier,
       author = {{Meunier}, N. and {Desort}, M. and {Lagrange}, A. -M.},
        title = "{Using the Sun to estimate Earth-like planets detection capabilities . II. Impact of plages}",
      journal = {\aap},
     keywords = {techniques: radial velocities, starspots, planetary systems, stars: activity, Astrophysics - Earth and Planetary Astrophysics, Astrophysics - Solar and Stellar Astrophysics},
         year = 2010,
        month = mar,
       volume = {512},
          eid = {A39},
        pages = {A39},
          doi = {10.1051/0004-6361/200913551},
archivePrefix = {arXiv},
       eprint = {1001.1638},
 primaryClass = {astro-ph.EP},
       adsurl = {https://ui.adsabs.harvard.edu/abs/2010A&A...512A..39M},
      adsnote = {Provided by the SAO/NASA Astrophysics Data System}
}

@BOOK{2000Schrijver,
       author = {{Schrijver}, Carolus J. and {Zwaan}, Cornelis},
        title = "{Solar and Stellar Magnetic Activity}",
         year = 2000,
       adsurl = {https://ui.adsabs.harvard.edu/abs/2000ssma.book.....S},
      adsnote = {Provided by the SAO/NASA Astrophysics Data System}
}

@ARTICLE{2004Christensen-Dalsgaard,
       author = {{Christensen-Dalsgaard}, J{\o}rgen},
        title = "{Physics of solar-like oscillations}",
      journal = {\solphys},
         year = 2004,
        month = apr,
       volume = {220},
       number = {2},
        pages = {137-168},
          doi = {10.1023/B:SOLA.0000031392.43227.7d},
       adsurl = {https://ui.adsabs.harvard.edu/abs/2004SoPh..220..137C},
      adsnote = {Provided by the SAO/NASA Astrophysics Data System}
}

@ARTICLE{2009Reiners,
       author = {{Reiners}, A.},
        title = "{Activity-induced radial velocity jitter in a flaring M dwarf}",
      journal = {\aap},
     keywords = {stars: activity, stars: late-type, stars: individual: CN Leo, instrumentation: spectrographs, techniques: radial velocities, Astrophysics - Solar and Stellar Astrophysics, Astrophysics - Earth and Planetary Astrophysics},
         year = 2009,
        month = may,
       volume = {498},
       number = {3},
        pages = {853-861},
          doi = {10.1051/0004-6361/200810257},
archivePrefix = {arXiv},
       eprint = {0903.2661},
 primaryClass = {astro-ph.SR},
       adsurl = {https://ui.adsabs.harvard.edu/abs/2009A&A...498..853R},
      adsnote = {Provided by the SAO/NASA Astrophysics Data System}
}

@ARTICLE{2020Hojjatpanah,
       author = {{Hojjatpanah}, S. and {Oshagh}, M. and {Figueira}, P. and
         {Santos}, N.~C. and {Amazo-G{\'o}mez}, E.~M. and {Sousa}, S.~G. and
         {Adibekyan}, V. and {Akinsanmi}, B. and {Demangeon}, O. and
         {Faria}, J. and {Gomes da Silva}, J. and {Meunier}, N.},
        title = "{The correlation between photometric variability and radial velocity jitter. Based on TESS and HARPS observations}",
      journal = {\aap},
     keywords = {techniques: spectroscopic, planets and satellites: detection, techniques: radial velocities, techniques: photometric, stars: activity, Astrophysics - Earth and Planetary Astrophysics, Astrophysics - Instrumentation and Methods for Astrophysics, Astrophysics - Solar and Stellar Astrophysics},
         year = 2020,
        month = jul,
       volume = {639},
          eid = {A35},
        pages = {A35},
          doi = {10.1051/0004-6361/202038035},
archivePrefix = {arXiv},
       eprint = {2005.10105},
 primaryClass = {astro-ph.EP},
       adsurl = {https://ui.adsabs.harvard.edu/abs/2020A&A...639A..35H},
      adsnote = {Provided by the SAO/NASA Astrophysics Data System}
}

@ARTICLE{2006Gray,
       author = {{Gray}, David F. and {Brown}, Kevin I.~T.},
        title = "{The Rotation of Arcturus and Active Longitudes on Giant Stars}",
      journal = {\pasp},
     keywords = {Line: Profiles, Stars: Activity, Stars: Late-Type, Stars: Rotation, Stars: Spots},
         year = 2006,
        month = aug,
       volume = {118},
       number = {846},
        pages = {1112-1118},
          doi = {10.1086/507077},
       adsurl = {https://ui.adsabs.harvard.edu/abs/2006PASP..118.1112G},
      adsnote = {Provided by the SAO/NASA Astrophysics Data System}
}

@ARTICLE{2014Gomes,
       author = {{Gomes da Silva}, J. and {Santos}, N.~C. and {Boisse}, I. and
         {Dumusque}, X. and {Lovis}, C.},
        title = "{On the long-term correlation between the flux in the Ca ii H \& K and H{\ensuremath{\alpha}} lines for FGK stars}",
      journal = {\aap},
     keywords = {stars: activity, stars: chromospheres, stars: solar-type, planetary systems, Astrophysics - Solar and Stellar Astrophysics, Astrophysics - Earth and Planetary Astrophysics},
         year = 2014,
        month = jun,
       volume = {566},
          eid = {A66},
        pages = {A66},
          doi = {10.1051/0004-6361/201322697},
archivePrefix = {arXiv},
       eprint = {1311.6642},
 primaryClass = {astro-ph.SR},
       adsurl = {https://ui.adsabs.harvard.edu/abs/2014A&A...566A..66G},
      adsnote = {Provided by the SAO/NASA Astrophysics Data System}
}

@ARTICLE{2000Mauas,
       author = {{Mauas}, Pablo J.~D.},
        title = "{Building Reliable Models of M Dwarf Chromospheres: The Spectral Diagnostics}",
      journal = {\apj},
     keywords = {Stars: Atmospheres, Stars: Chromospheres, Stars: Late-Type},
         year = 2000,
        month = aug,
       volume = {539},
       number = {2},
        pages = {858-864},
          doi = {10.1086/309271},
       adsurl = {https://ui.adsabs.harvard.edu/abs/2000ApJ...539..858M},
      adsnote = {Provided by the SAO/NASA Astrophysics Data System}
}

@ARTICLE{2012Gomes,
       author = {{Gomes da Silva}, J. and {Santos}, N.~C. and {Bonfils}, X. and
         {Delfosse}, X. and {Forveille}, T. and {Udry}, S. and {Dumusque}, X. and
         {Lovis}, C.},
        title = "{Long-term magnetic activity of a sample of M-dwarf stars from the HARPS program . II. Activity and radial velocity}",
      journal = {\aap},
     keywords = {planets and satellites: detection, stars: activity, stars: late-type, techniques: radial velocities, techniques: spectroscopic, Astrophysics - Solar and Stellar Astrophysics, Astrophysics - Earth and Planetary Astrophysics},
         year = 2012,
        month = may,
       volume = {541},
          eid = {A9},
        pages = {A9},
          doi = {10.1051/0004-6361/201118598},
archivePrefix = {arXiv},
       eprint = {1202.1564},
 primaryClass = {astro-ph.SR},
       adsurl = {https://ui.adsabs.harvard.edu/abs/2012A&A...541A...9G},
      adsnote = {Provided by the SAO/NASA Astrophysics Data System}
}

@ARTICLE{2020Cretignier,
       author = {{Cretignier}, M. and {Dumusque}, X. and {Allart}, R. and {Pepe}, F. and
         {Lovis}, C.},
        title = "{Measuring precise radial velocities on individual spectral lines. II. Dependance of stellar activity signal on line depth}",
      journal = {\aap},
     keywords = {stars: activity, stars: individual: HD 128621, techniques: radial velocities, techniques: spectroscopic, Astrophysics - Earth and Planetary Astrophysics, Astrophysics - Instrumentation and Methods for Astrophysics, Astrophysics - Solar and Stellar Astrophysics},
         year = 2020,
        month = jan,
       volume = {633},
          eid = {A76},
        pages = {A76},
          doi = {10.1051/0004-6361/201936548},
archivePrefix = {arXiv},
       eprint = {1912.05192},
 primaryClass = {astro-ph.EP},
       adsurl = {https://ui.adsabs.harvard.edu/abs/2020A&A...633A..76C},
      adsnote = {Provided by the SAO/NASA Astrophysics Data System}
}

@ARTICLE{1999Reichert,
       author = {{Reichert}, J. and {Holzwarth}, R. and {Udem}, Th. and
         {H{\"a}nsch}, T.~W.},
        title = "{Measuring the frequency of light with mode-locked lasers}",
      journal = {Optics Communications},
         year = 1999,
        month = dec,
       volume = {172},
       number = {1-6},
        pages = {59-68},
          doi = {10.1016/S0030-4018(99)00491-5},
       adsurl = {https://ui.adsabs.harvard.edu/abs/1999OptCo.172...59R},
      adsnote = {Provided by the SAO/NASA Astrophysics Data System}
}

@ARTICLE{2007Murphy,
       author = {{Murphy}, M.~T. and {Tzanavaris}, P. and {Webb}, J.~K. and {Lovis}, C.},
        title = "{Selection of ThAr lines for wavelength calibration of echelle spectra and implications for variations in the fine-structure constant}",
      journal = {\mnras},
     keywords = {atomic data, line: identification, techniques: spectroscopic, atlases, quasars: absorption lines, Astrophysics},
         year = 2007,
        month = jun,
       volume = {378},
       number = {1},
        pages = {221-230},
          doi = {10.1111/j.1365-2966.2007.11768.x},
archivePrefix = {arXiv},
       eprint = {astro-ph/0703623},
 primaryClass = {astro-ph},
       adsurl = {https://ui.adsabs.harvard.edu/abs/2007MNRAS.378..221M},
      adsnote = {Provided by the SAO/NASA Astrophysics Data System}
}

@ARTICLE{2004Goodman,
       author = {{Goodman}, M.~L.},
        title = "{On the creation of the chromospheres of solar type stars}",
      journal = {\aap},
     keywords = {Sun: chromosphere, Sun: photosphere, magnetohydrodynamics (MHD), Sun: magnetic fields, stars: chromospheres, magnetic fields},
         year = 2004,
        month = sep,
       volume = {424},
        pages = {691-712},
          doi = {10.1051/0004-6361:20040310},
       adsurl = {https://ui.adsabs.harvard.edu/abs/2004A&A...424..691G},
      adsnote = {Provided by the SAO/NASA Astrophysics Data System}
}

@ARTICLE{2001VanDokkum,
       author = {{van Dokkum}, Pieter G.},
        title = "{Cosmic-Ray Rejection by Laplacian Edge Detection}",
      journal = {\pasp},
     keywords = {Instrumentation: Detectors, Methods: Data Analysis-techniques: image processing, Astrophysics},
         year = 2001,
        month = nov,
       volume = {113},
       number = {789},
        pages = {1420-1427},
          doi = {10.1086/323894},
archivePrefix = {arXiv},
       eprint = {astro-ph/0108003},
 primaryClass = {astro-ph},
       adsurl = {https://ui.adsabs.harvard.edu/abs/2001PASP..113.1420V},
      adsnote = {Provided by the SAO/NASA Astrophysics Data System}
}

@ARTICLE{2000Fixsen,
       author = {{Fixsen}, D.~J. and {Offenberg}, J.~D. and {Hanisch}, R.~J. and
         {Mather}, J.~C. and {Nieto-Santisteban}, M.~A. and {Sengupta}, R. and
         {Stockman}, H.~S.},
        title = "{Cosmic-Ray Rejection and Readout Efficiency for Large-Area Arrays}",
      journal = {\pasp},
     keywords = {ISM: Cosmic Rays, Methods: Data Analysis, Astrophysics},
         year = 2000,
        month = oct,
       volume = {112},
       number = {776},
        pages = {1350-1359},
          doi = {10.1086/316626},
archivePrefix = {arXiv},
       eprint = {astro-ph/0005486},
 primaryClass = {astro-ph},
       adsurl = {https://ui.adsabs.harvard.edu/abs/2000PASP..112.1350F},
      adsnote = {Provided by the SAO/NASA Astrophysics Data System}
}

@ARTICLE{1992Dekker,
       author = {{Dekker}, H. and {D'Odorico}, S.},
        title = "{UVES, the UV-visual echelle spectrograph for the VLT.}",
      journal = {The Messenger},
         year = 1992,
        month = dec,
       volume = {70},
        pages = {13-17},
       adsurl = {https://ui.adsabs.harvard.edu/abs/1992Msngr..70...13D},
      adsnote = {Provided by the SAO/NASA Astrophysics Data System}
}

@INBOOK{2010Lovis,
       author = {{Lovis}, C. and {Fischer}, D.},
        title = "{Radial Velocity Techniques for Exoplanets}",
    booktitle = {Exoplanets},
         year = 2010,
       editor = {{Seager}, S.},
        pages = {27-53},
       adsurl = {https://ui.adsabs.harvard.edu/abs/2010exop.book...27L},
      adsnote = {Provided by the SAO/NASA Astrophysics Data System}
}

@ARTICLE{1988Toner,
       author = {{Toner}, C.~G. and {Gray}, David F.},
        title = "{The Star Patch on the G8 Dwarf chi Bootis A}",
      journal = {\apj},
     keywords = {Computerized Simulation, Dwarf Stars, Line Shape, Line Spectra, Stellar Rotation, Hertzsprung-Russell Diagram, Solar Cycles, Stellar Magnetic Fields, Stellar Temperature, Astrophysics, LINE PROFILES, STARS: INDIVIDUAL CONSTELLATION NAME: CHI BOOTIS, STARS: ROTATION},
         year = 1988,
        month = nov,
       volume = {334},
        pages = {1008},
          doi = {10.1086/166893},
       adsurl = {https://ui.adsabs.harvard.edu/abs/1988ApJ...334.1008T},
      adsnote = {Provided by the SAO/NASA Astrophysics Data System}
}

@ARTICLE{2001Queloz,
       author = {{Queloz}, D. and {Henry}, G.~W. and {Sivan}, J.~P. and
         {Baliunas}, S.~L. and {Beuzit}, J.~L. and {Donahue}, R.~A. and
         {Mayor}, M. and {Naef}, D. and {Perrier}, C. and {Udry}, S.},
        title = "{No planet for HD 166435}",
      journal = {\aap},
     keywords = {STARS: ACTIVITY, INDIVIDUAL: HD 166435, PLANETARY SYSTEMS, Astrophysics},
         year = 2001,
        month = nov,
       volume = {379},
        pages = {279-287},
          doi = {10.1051/0004-6361:20011308},
archivePrefix = {arXiv},
       eprint = {astro-ph/0109491},
 primaryClass = {astro-ph},
       adsurl = {https://ui.adsabs.harvard.edu/abs/2001A&A...379..279Q},
      adsnote = {Provided by the SAO/NASA Astrophysics Data System}
}

@ARTICLE{2009Mayor,
       author = {{Mayor}, M. and {Bonfils}, X. and {Forveille}, T. and {Delfosse}, X. and
         {Udry}, S. and {Bertaux}, J. -L. and {Beust}, H. and {Bouchy}, F. and
         {Lovis}, C. and {Pepe}, F. and {Perrier}, C. and {Queloz}, D. and
         {Santos}, N.~C.},
        title = "{The HARPS search for southern extra-solar planets. XVIII. An Earth-mass planet in the GJ 581 planetary system}",
      journal = {\aap},
     keywords = {planetary systems, stars: late-type, techniques: radial velocities, stars: individual: <ASTROBJ>GJ 581</ASTROBJ>, Astrophysics - Earth and Planetary Astrophysics},
         year = 2009,
        month = nov,
       volume = {507},
       number = {1},
        pages = {487-494},
          doi = {10.1051/0004-6361/200912172},
archivePrefix = {arXiv},
       eprint = {0906.2780},
 primaryClass = {astro-ph.EP},
       adsurl = {https://ui.adsabs.harvard.edu/abs/2009A&A...507..487M},
      adsnote = {Provided by the SAO/NASA Astrophysics Data System}
}

@ARTICLE{2016Anglada,
       author = {{Anglada-Escud{\'e}}, Guillem and {Amado}, Pedro J. and {Barnes}, John and
         {Berdi{\~n}as}, Zaira M. and {Butler}, R. Paul and
         {Coleman}, Gavin A.~L. and {de La Cueva}, Ignacio and
         {Dreizler}, Stefan and {Endl}, Michael and {Giesers}, Benjamin and
         {Jeffers}, Sandra V. and {Jenkins}, James S. and {Jones}, Hugh R.~A. and
         {Kiraga}, Marcin and {K{\"u}rster}, Martin and
         {L{\'o}pez-Gonz{\'a}lez}, Mar{\'\i}a J. and {Marvin}, Christopher J. and
         {Morales}, Nicol{\'a}s and {Morin}, Julien and {Nelson}, Richard P. and
         {Ortiz}, Jos{\'e} L. and {Ofir}, Aviv and {Paardekooper}, Sijme-Jan and
         {Reiners}, Ansgar and {Rodr{\'\i}guez}, Eloy and
         {Rodr{\'\i}guez-L{\'o}pez}, Cristina and {Sarmiento}, Luis F. and
         {Strachan}, John P. and {Tsapras}, Yiannis and {Tuomi}, Mikko and
         {Zechmeister}, Mathias},
        title = "{A terrestrial planet candidate in a temperate orbit around Proxima Centauri}",
      journal = {\nat},
     keywords = {Astrophysics - Earth and Planetary Astrophysics},
         year = 2016,
        month = aug,
       volume = {536},
       number = {7617},
        pages = {437-440},
          doi = {10.1038/nature19106},
archivePrefix = {arXiv},
       eprint = {1609.03449},
 primaryClass = {astro-ph.EP},
       adsurl = {https://ui.adsabs.harvard.edu/abs/2016Natur.536..437A},
      adsnote = {Provided by the SAO/NASA Astrophysics Data System}
}

@ARTICLE{1844Schwabe,
       author = {{Schwabe}, Heinrich},
        title = "{Sonnenbeobachtungen im Jahre 1843. Von Herrn Hofrath Schwabe in Dessau}",
      journal = {Astronomische Nachrichten},
         year = 1844,
        month = feb,
       volume = {21},
       number = {15},
        pages = {233},
          doi = {10.1002/asna.18440211505},
       adsurl = {https://ui.adsabs.harvard.edu/abs/1844AN.....21..233S},
      adsnote = {Provided by the SAO/NASA Astrophysics Data System}
}

@ARTICLE{1904Maunder,
       author = {{Maunder}, E. Walter},
        title = "{Note on the Distribution of Sun-spots in Heliographic Latitude, 1874-1902}",
      journal = {\mnras},
         year = 1904,
        month = jun,
       volume = {64},
        pages = {747-761},
          doi = {10.1093/mnras/64.8.747},
       adsurl = {https://ui.adsabs.harvard.edu/abs/1904MNRAS..64..747M},
      adsnote = {Provided by the SAO/NASA Astrophysics Data System}
}

@ARTICLE{2017Linsky,
       author = {{Linsky}, Jeffrey L.},
        title = "{Stellar Model Chromospheres and Spectroscopic Diagnostics}",
      journal = {\araa},
         year = 2017,
        month = aug,
       volume = {55},
       number = {1},
        pages = {159-211},
          doi = {10.1146/annurev-astro-091916-055327},
       adsurl = {https://ui.adsabs.harvard.edu/abs/2017ARA&A..55..159L},
      adsnote = {Provided by the SAO/NASA Astrophysics Data System}
}

@ARTICLE{2019Marrese,
       author = {{Marrese}, P.~M. and {Marinoni}, S. and {Fabrizio}, M. and {Altavilla}, G.},
        title = "{Gaia Data Release 2. Cross-match with external catalogues: algorithms and results}",
      journal = {\aap},
     keywords = {astronomical databases: miscellaneous, catalogs, surveys, astrometry, proper motions, Astrophysics - Solar and Stellar Astrophysics, Astrophysics - Astrophysics of Galaxies, Astrophysics - Instrumentation and Methods for Astrophysics},
         year = 2019,
        month = jan,
       volume = {621},
          eid = {A144},
        pages = {A144},
          doi = {10.1051/0004-6361/201834142},
archivePrefix = {arXiv},
       eprint = {1808.09151},
 primaryClass = {astro-ph.SR},
       adsurl = {https://ui.adsabs.harvard.edu/abs/2019A&A...621A.144M},
      adsnote = {Provided by the SAO/NASA Astrophysics Data System}
}

@ARTICLE{2015Heiter,
       author = {{Heiter}, U. and {Lind}, K. and {Asplund}, M. and {Barklem}, P.~S. and {Bergemann}, M. and {Magrini}, L. and {Masseron}, T. and {Mikolaitis}, {\v{S}}. and {Pickering}, J.~C. and {Ruffoni}, M.~P.},
        title = "{Atomic and molecular data for optical stellar spectroscopy}",
      journal = {\physscr},
     keywords = {Astrophysics - Instrumentation and Methods for Astrophysics, Astrophysics - Solar and Stellar Astrophysics},
         year = 2015,
        month = may,
       volume = {90},
       number = {5},
          eid = {054010},
        pages = {054010},
          doi = {10.1088/0031-8949/90/5/054010},
archivePrefix = {arXiv},
       eprint = {1506.06697},
 primaryClass = {astro-ph.IM},
       adsurl = {https://ui.adsabs.harvard.edu/abs/2015PhyS...90e4010H},
      adsnote = {Provided by the SAO/NASA Astrophysics Data System}
}

@ARTICLE{2019Bentley,
       author = {{Bentley}, J. and {Tinney}, C.~G. and {Sharma}, S. and {Wright}, D.},
        title = "{Selection of M-dwarfs using Gaia, WISE, and 2MASS}",
      journal = {\mnras},
     keywords = {methods: data analysis, surveys},
         year = 2019,
        month = dec,
       volume = {490},
       number = {3},
        pages = {4107-4120},
          doi = {10.1093/mnras/stz2823},
       adsurl = {https://ui.adsabs.harvard.edu/abs/2019MNRAS.490.4107B},
      adsnote = {Provided by the SAO/NASA Astrophysics Data System}
}
@ARTICLE{2021Kochukhov,
       author = {{Kochukhov}, Oleg},
        title = "{Magnetic fields of M dwarfs}",
      journal = {\aapr},
     keywords = {Stars: activity, Stars: atmospheres, Stars: interiors, Stars: low mass, Stars: magnetic field, Stars: rotation, Techniques: polarimetric, Techniques: spectroscopic, Astrophysics - Solar and Stellar Astrophysics},
         year = 2021,
        month = dec,
       volume = {29},
       number = {1},
          eid = {1},
        pages = {1},
          doi = {10.1007/s00159-020-00130-3},
archivePrefix = {arXiv},
       eprint = {2011.01781},
 primaryClass = {astro-ph.SR},
       adsurl = {https://ui.adsabs.harvard.edu/abs/2021A&ARv..29....1K},
      adsnote = {Provided by the SAO/NASA Astrophysics Data System}
}

@ARTICLE{2019Kuker,
       author = {{K{\"u}ker}, M. and {R{\"u}diger}, G. and {Olah}, K. and {Strassmeier}, K.~G.},
        title = "{Cycle period, differential rotation, and meridional flow for early M dwarf stars}",
      journal = {\aap},
     keywords = {stars: late-type, stars: magnetic field, stars: activity, magnetohydrodynamics (MHD), turbulence, Astrophysics - Solar and Stellar Astrophysics},
         year = 2019,
        month = feb,
       volume = {622},
          eid = {A40},
        pages = {A40},
          doi = {10.1051/0004-6361/201833173},
archivePrefix = {arXiv},
       eprint = {1804.02925},
 primaryClass = {astro-ph.SR},
       adsurl = {https://ui.adsabs.harvard.edu/abs/2019A&A...622A..40K},
      adsnote = {Provided by the SAO/NASA Astrophysics Data System}
}

@ARTICLE{2008Nutzman,
       author = {{Nutzman}, Philip and {Charbonneau}, David},
        title = "{Design Considerations for a Ground-Based Transit Search for Habitable Planets Orbiting M Dwarfs}",
      journal = {\pasp},
     keywords = {Astrophysics},
         year = 2008,
        month = mar,
       volume = {120},
       number = {865},
        pages = {317},
          doi = {10.1086/533420},
archivePrefix = {arXiv},
       eprint = {0709.2879},
 primaryClass = {astro-ph},
       adsurl = {https://ui.adsabs.harvard.edu/abs/2008PASP..120..317N},
      adsnote = {Provided by the SAO/NASA Astrophysics Data System}
}

@ARTICLE{2009Charbonneau,
       author = {{Charbonneau}, David and {Berta}, Zachory K. and {Irwin}, Jonathan and {Burke}, Christopher J. and {Nutzman}, Philip and {Buchhave}, Lars A. and {Lovis}, Christophe and {Bonfils}, Xavier and {Latham}, David W. and {Udry}, St{\'e}phane and {Murray-Clay}, Ruth A. and {Holman}, Matthew J. and {Falco}, Emilio E. and {Winn}, Joshua N. and {Queloz}, Didier and {Pepe}, Francesco and {Mayor}, Michel and {Delfosse}, Xavier and {Forveille}, Thierry},
        title = "{A super-Earth transiting a nearby low-mass star}",
      journal = {\nat},
     keywords = {Astrophysics - Earth and Planetary Astrophysics, Astrophysics - Solar and Stellar Astrophysics},
         year = 2009,
        month = dec,
       volume = {462},
       number = {7275},
        pages = {891-894},
          doi = {10.1038/nature08679},
archivePrefix = {arXiv},
       eprint = {0912.3229},
 primaryClass = {astro-ph.EP},
       adsurl = {https://ui.adsabs.harvard.edu/abs/2009Natur.462..891C},
      adsnote = {Provided by the SAO/NASA Astrophysics Data System}
}

@ARTICLE{2015BertaThompson,
       author = {{Berta-Thompson}, Zachory K. and {Irwin}, Jonathan and {Charbonneau}, David and {Newton}, Elisabeth R. and {Dittmann}, Jason A. and {Astudillo-Defru}, Nicola and {Bonfils}, Xavier and {Gillon}, Micha{\"e}l and {Jehin}, Emmanu{\"e}l and {Stark}, Antony A. and {Stalder}, Brian and {Bouchy}, Francois and {Delfosse}, Xavier and {Forveille}, Thierry and {Lovis}, Christophe and {Mayor}, Michel and {Neves}, Vasco and {Pepe}, Francesco and {Santos}, Nuno C. and {Udry}, St{\'e}phane and {W{\"u}nsche}, Ana{\"e}l},
        title = "{A rocky planet transiting a nearby low-mass star}",
      journal = {\nat},
     keywords = {Astrophysics - Earth and Planetary Astrophysics, Astrophysics - Solar and Stellar Astrophysics},
         year = 2015,
        month = nov,
       volume = {527},
       number = {7577},
        pages = {204-207},
          doi = {10.1038/nature15762},
archivePrefix = {arXiv},
       eprint = {1511.03550},
 primaryClass = {astro-ph.EP},
       adsurl = {https://ui.adsabs.harvard.edu/abs/2015Natur.527..204B},
      adsnote = {Provided by the SAO/NASA Astrophysics Data System}
}

@ARTICLE{2017Dittmann,
       author = {{Dittmann}, Jason A. and {Irwin}, Jonathan M. and {Charbonneau}, David and {Bonfils}, Xavier and {Astudillo-Defru}, Nicola and {Haywood}, Rapha{\"e}lle D. and {Berta-Thompson}, Zachory K. and {Newton}, Elisabeth R. and {Rodriguez}, Joseph E. and {Winters}, Jennifer G. and {Tan}, Thiam-Guan and {Almenara}, Jose-Manuel and {Bouchy}, Fran{\c{c}}ois and {Delfosse}, Xavier and {Forveille}, Thierry and {Lovis}, Christophe and {Murgas}, Felipe and {Pepe}, Francesco and {Santos}, Nuno C. and {Udry}, Stephane and {W{\"u}nsche}, Ana{\"e}l and {Esquerdo}, Gilbert A. and {Latham}, David W. and {Dressing}, Courtney D.},
        title = "{A temperate rocky super-Earth transiting a nearby cool star}",
      journal = {\nat},
     keywords = {Astrophysics - Earth and Planetary Astrophysics},
         year = 2017,
        month = apr,
       volume = {544},
       number = {7650},
        pages = {333-336},
          doi = {10.1038/nature22055},
archivePrefix = {arXiv},
       eprint = {1704.05556},
 primaryClass = {astro-ph.EP},
       adsurl = {https://ui.adsabs.harvard.edu/abs/2017Natur.544..333D},
      adsnote = {Provided by the SAO/NASA Astrophysics Data System}
}

@INPROCEEDINGS{2014BertaThompson,
       author = {{Berta-Thompson}, Zachory K. and {Irwin}, Jonathan and {Charbonneau}, David and {Newton}, Elisabeth R. and {Dittmann}, Jason},
        title = "{The MEarth Project: Status Update and the Commissioning of a Brand New Telescope Array in the Southern Hemisphere}",
    booktitle = {American Astronomical Society Meeting Abstracts \#224},
         year = 2014,
       series = {American Astronomical Society Meeting Abstracts},
       volume = {224},
        month = jun,
          eid = {120.15},
        pages = {120.15},
       adsurl = {https://ui.adsabs.harvard.edu/abs/2014AAS...22412015B},
      adsnote = {Provided by the SAO/NASA Astrophysics Data System}
}

@ARTICLE{2014Bastien,
       author = {{Bastien}, Fabienne A. and {Stassun}, Keivan G. and {Pepper}, Joshua and {Wright}, Jason T. and {Aigrain}, Suzanne and {Basri}, Gibor and {Johnson}, John A. and {Howard}, Andrew W. and {Walkowicz}, Lucianne M.},
        title = "{Radial Velocity Variations of Photometrically Quiet, Chromospherically Inactive Kepler Stars: A Link between RV Jitter and Photometric Flicker}",
      journal = {\aj},
     keywords = {stars: activity, stars: solar-type, techniques: photometric, techniques: radial velocities, Astrophysics - Solar and Stellar Astrophysics},
         year = 2014,
        month = feb,
       volume = {147},
       number = {2},
          eid = {29},
        pages = {29},
          doi = {10.1088/0004-6256/147/2/29},
archivePrefix = {arXiv},
       eprint = {1310.7152},
 primaryClass = {astro-ph.SR},
}

@ARTICLE{2018Luri,
       author = {{Luri}, X. and {Brown}, A.~G.~A. and {Sarro}, L.~M. and {Arenou}, F. and {Bailer-Jones}, C.~A.~L. and {Castro-Ginard}, A. and {de Bruijne}, J. and {Prusti}, T. and {Babusiaux}, C. and {Delgado}, H.~E.},
        title = "{Gaia Data Release 2. Using Gaia parallaxes}",
      journal = {\aap},
     keywords = {astrometry, parallaxes, methods: data analysis, methods: statistical, catalogs, Astrophysics - Instrumentation and Methods for Astrophysics},
         year = 2018,
        month = aug,
       volume = {616},
          eid = {A9},
        pages = {A9},
          doi = {10.1051/0004-6361/201832964},
archivePrefix = {arXiv},
       eprint = {1804.09376},
 primaryClass = {astro-ph.IM},
       adsurl = {https://ui.adsabs.harvard.edu/abs/2018A&A...616A...9L},
      adsnote = {Provided by the SAO/NASA Astrophysics Data System}
}

@inproceedings{HARPS,
author = {Francesco Pepe and Michel Mayor and Bernard Delabre and Dominique Kohler and Daniel Lacroix and Didier Queloz and Stephane Udry and Willy Benz and Jean-Loup Bertaux and Jean-Pierre Sivan},
title = {{HARPS: a new high-resolution spectrograph for the search of extrasolar planets}},
volume = {4008},
booktitle = {Optical and IR Telescope Instrumentation and Detectors},
editor = {Masanori Iye and Alan F. M. Moorwood},
organization = {International Society for Optics and Photonics},
publisher = {SPIE},
pages = {582 -- 592},
keywords = {HARPS, Echelle spectrograph, Extra-solar planets, Exoplanets, Radial Velocity},
year = {2000},
doi = {10.1117/12.395516},
URL = {https://doi.org/10.1117/12.395516}
}

@ARTICLE{2003Lepine,
       author = {{L{\'e}pine}, S{\'e}bastien and {Rich}, R. Michael and {Shara}, Michael M.},
        title = "{Spectroscopy of New High Proper Motion Stars in the Northern Sky. I. New Nearby Stars, New High-Velocity Stars, and an Enhanced Classification Scheme for M Dwarfs}",
      journal = {\aj},
     keywords = {Galaxy: Solar Neighborhood, Stars: Kinematics, Stars: Low-Mass, Brown Dwarfs, Stars: Subdwarfs, Stars: White Dwarfs, Astrophysics},
         year = 2003,
        month = mar,
       volume = {125},
       number = {3},
        pages = {1598-1622},
          doi = {10.1086/345972},
archivePrefix = {arXiv},
       eprint = {astro-ph/0209284},
 primaryClass = {astro-ph},
       adsurl = {https://ui.adsabs.harvard.edu/abs/2003AJ....125.1598L},
      adsnote = {Provided by the SAO/NASA Astrophysics Data System}
}

@ARTICLE{2012Bell,
       author = {{Bell}, Keaton J. and {Hilton}, Eric J. and {Davenport}, James R.~A. and {Hawley}, Suzanne L. and {West}, Andrew A. and {Rogel}, Allen B.},
        title = "{H{\ensuremath{\alpha}} Emission Variability in Active M Dwarfs}",
      journal = {\pasp},
     keywords = {Astrophysics - Solar and Stellar Astrophysics},
         year = 2012,
        month = jan,
       volume = {124},
       number = {911},
        pages = {14},
          doi = {10.1086/664024},
archivePrefix = {arXiv},
       eprint = {1112.1411},
 primaryClass = {astro-ph.SR},
       adsurl = {https://ui.adsabs.harvard.edu/abs/2012PASP..124...14B},
      adsnote = {Provided by the SAO/NASA Astrophysics Data System}
}

@INPROCEEDINGS{1993Gunn,
       author = {{Gunn}, J.~E. and {Knapp}, G.~R.},
        title = "{The Sloan Digital Sky Survey}",
    booktitle = {Sky Surveys. Protostars to Protogalaxies},
         year = 1993,
       editor = {{Soifer}, B.~T.},
       series = {Astronomical Society of the Pacific Conference Series},
       volume = {43},
        month = jan,
        pages = {267},
       adsurl = {https://ui.adsabs.harvard.edu/abs/1993ASPC...43..267G},
      adsnote = {Provided by the SAO/NASA Astrophysics Data System}
}

@ARTICLE{2004West,
       author = {{West}, Andrew A. and {Hawley}, Suzanne L. and {Walkowicz}, Lucianne M. and {Covey}, Kevin R. and {Silvestri}, Nicole M. and {Raymond}, Sean N. and {Harris}, Hugh C. and {Munn}, Jeffrey A. and {McGehee}, Peregrine M. and {Ivezi{\'c}}, {\v{Z}}eljko and {Brinkmann}, J.},
        title = "{Spectroscopic Properties of Cool Stars in the Sloan Digital Sky Survey: An Analysis of Magnetic Activity and a Search for Subdwarfs}",
      journal = {\aj},
     keywords = {Galaxy: Structure, Galaxy: Solar Neighborhood, Stars: Activity, Stars: Late-Type, Stars: Low-Mass, Brown Dwarfs, Stars: Subdwarfs, Astrophysics},
         year = 2004,
        month = jul,
       volume = {128},
       number = {1},
        pages = {426-436},
          doi = {10.1086/421364},
archivePrefix = {arXiv},
       eprint = {astro-ph/0403486},
 primaryClass = {astro-ph},
       adsurl = {https://ui.adsabs.harvard.edu/abs/2004AJ....128..426W},
      adsnote = {Provided by the SAO/NASA Astrophysics Data System}
}

@ARTICLE{2008West2,
       author = {{West}, Andrew A. and {Hawley}, Suzanne L.},
        title = "{{\ensuremath{\chi}} Values for Blue Emission Lines in M Dwarfs}",
      journal = {\pasp},
     keywords = {Astrophysics},
         year = 2008,
        month = nov,
       volume = {120},
       number = {873},
        pages = {1161},
          doi = {10.1086/593024},
archivePrefix = {arXiv},
       eprint = {0812.1221},
 primaryClass = {astro-ph},
       adsurl = {https://ui.adsabs.harvard.edu/abs/2008PASP..120.1161W},
      adsnote = {Provided by the SAO/NASA Astrophysics Data System}
}

@INPROCEEDINGS{2003Borucki,
       author = {{Borucki}, William J. and {Koch}, David G. and {Lissauer}, Jack J. and {Basri}, Gibor B. and {Caldwell}, John F. and {Cochran}, William D. and {Dunham}, Edward W. and {Geary}, John C. and {Latham}, David W. and {Gilliland}, Ronald L. and {Caldwell}, Douglas A. and {Jenkins}, Jon M. and {Kondo}, Yoji},
        title = "{The Kepler mission: a wide-field-of-view photometer designed to determine the frequency of Earth-size planets around solar-like stars}",
    booktitle = {Future EUV/UV and Visible Space Astrophysics Missions and Instrumentation.},
         year = 2003,
       editor = {{Blades}, J. Chris and {Siegmund}, Oswald H.~W.},
       series = {Society of Photo-Optical Instrumentation Engineers (SPIE) Conference Series},
       volume = {4854},
        month = feb,
        pages = {129-140},
          doi = {10.1117/12.460266},
       adsurl = {https://ui.adsabs.harvard.edu/abs/2003SPIE.4854..129B},
      adsnote = {Provided by the SAO/NASA Astrophysics Data System}
}

@ARTICLE{2021Buder,
       author = {{Buder}, Sven and {Sharma}, Sanjib and {Kos}, Janez and {Amarsi}, Anish M. and {Nordlander}, Thomas and {Lind}, Karin and {Martell}, Sarah L. and {Asplund}, Martin and {Bland-Hawthorn}, Joss and {Casey}, Andrew R. and {de Silva}, Gayandhi M. and {D'Orazi}, Valentina and {Freeman}, Ken C. and {Hayden}, Michael R. and {Lewis}, Geraint F. and {Lin}, Jane and {Schlesinger}, Katharine J. and {Simpson}, Jeffrey D. and {Stello}, Dennis and {Zucker}, Daniel B. and {Zwitter}, Toma{\v{z}} and {Beeson}, Kevin L. and {Buck}, Tobias and {Casagrande}, Luca and {Clark}, Jake T. and {{\v{C}}otar}, Klemen and {da Costa}, Gary S. and {de Grijs}, Richard and {Feuillet}, Diane and {Horner}, Jonathan and {Kafle}, Prajwal R. and {Khanna}, Shourya and {Kobayashi}, Chiaki and {Liu}, Fan and {Montet}, Benjamin T. and {Nandakumar}, Govind and {Nataf}, David M. and {Ness}, Melissa K. and {Spina}, Lorenzo and {Tepper-Garc{\'\i}a}, Thor and {Ting}, Yuan-Sen and {Traven}, Gregor and {Vogrin{\v{c}}i{\v{c}}}, Rok and {Wittenmyer}, Robert A. and {Wyse}, Rosemary F.~G. and {{\v{Z}}erjal}, Maru{\v{s}}a and {Galah Collaboration}},
        title = "{The GALAH+ survey: Third data release}",
      journal = {\mnras},
     keywords = {Surveys, the Galaxy, methods: observational, methods: data analysis, stars: fundamental parameters, stars: abundances, Astrophysics - Astrophysics of Galaxies, Astrophysics - Solar and Stellar Astrophysics},
         year = 2021,
        month = may,
          doi = {10.1093/mnras/stab1242},
archivePrefix = {arXiv},
       eprint = {2011.02505},
 primaryClass = {astro-ph.GA},
       adsurl = {https://ui.adsabs.harvard.edu/abs/2021MNRAS.tmp.1259B},
      adsnote = {Provided by the SAO/NASA Astrophysics Data System}
}

