@ARTICLE{1991Kirkpatrick,
   author = {{Kirkpatrick}, J.~D. and {Henry}, T.~J. and {McCarthy}, Jr., D.~W.
	},
    title = "{A standard stellar spectral sequence in the red/near-infrared - Classes K5 to M9}",
  journal = {\apjs},
 keywords = {K Stars, M Stars, Near Infrared Radiation, Stellar Spectra, Charge Coupled Devices, Dwarf Stars, Giant Stars, Stellar Luminosity, Stellar Spectrophotometry},
     year = 1991,
    month = nov,
   volume = 77,
    pages = {417-440},
      doi = {10.1086/191611},
   adsurl = {http://adsabs.harvard.edu/abs/1991ApJS...77..417K},
  adsnote = {Provided by the SAO/NASA Astrophysics Data System}
}

@ARTICLE{1992Wolszczan,
       author = {{Wolszczan}, A. and {Frail}, D.~A.},
        title = "{A planetary system around the millisecond pulsar PSR1257 + 12}",
      journal = {\nat},
     keywords = {Binary Stars, Extrasolar Planets, Orbital Mechanics, Planetary Systems, Pulsars, Accretion Disks, Least Squares Method, Neutron Stars, Radio Astronomy, Supernova Remnants, Astrophysics},
         year = 1992,
        month = jan,
       volume = {355},
       number = {6356},
        pages = {145-147},
          doi = {10.1038/355145a0},
       adsurl = {https://ui.adsabs.harvard.edu/abs/1992Natur.355..145W},
      adsnote = {Provided by the SAO/NASA Astrophysics Data System}
}